Domain,Unique Identifier,County FIPS Code,County Name,State Code,Last Change Date
County(CountyCode),322,	001,District Of Columbia,DC,8/12/2006 12:21:21 AM
County(CountyCode),808,	001,Adams,IN,8/12/2006 12:21:21 AM
County(CountyCode),2182,	001,Adair,OK,8/12/2006 12:21:21 AM
County(CountyCode),1805,	001,Adams,ND,8/12/2006 12:21:21 AM
County(CountyCode),192,	001,Alameda,CA,8/12/2006 12:21:21 AM
County(CountyCode),30,	001,Autauga,AL,8/12/2006 12:21:21 AM
County(CountyCode),1705,	001,Alamance,NC,8/12/2006 12:21:21 AM
County(CountyCode),177,	001,Apache,AZ,8/12/2006 12:21:21 AM
County(CountyCode),1189,	001,Barnstable,MA,8/12/2006 12:21:21 AM
County(CountyCode),1203,	001,Allegany,MD,8/12/2006 12:21:21 AM
County(CountyCode),1227,	001,Androscoggin,ME,8/12/2006 12:21:21 AM
County(CountyCode),900,	001,Allen,KS,8/12/2006 12:21:21 AM
County(CountyCode),2094,	001,Adams,OH,8/12/2006 12:21:21 AM
County(CountyCode),1125,	001,Acadia,LA,8/12/2006 12:21:21 AM
County(CountyCode),2362,	001,Adjuntas,PR,8/12/2006 12:21:21 AM
County(CountyCode),2457,	001,Bristol,RI,8/12/2006 12:21:21 AM
County(CountyCode),2295,	001,Adams,PA,8/12/2006 12:21:21 AM
County(CountyCode),1359,	001,Aitkin,MN,8/12/2006 12:21:21 AM
County(CountyCode),1858,	001,Adams,NE,8/12/2006 12:21:21 AM
County(CountyCode),2259,	001,Baker,OR,8/12/2006 12:21:21 AM
County(CountyCode),2015,	001,Churchill,NV,8/12/2006 12:21:21 AM
County(CountyCode),97,	001,Arkansas,AR,8/12/2006 12:21:21 AM
County(CountyCode),3216,	001,Barbour,WV,8/12/2006 12:21:21 AM
County(CountyCode),3105,	001,Adams,WA,8/12/2006 12:21:21 AM
County(CountyCode),314,	001,Fairfield,CT,8/12/2006 12:21:21 AM
County(CountyCode),3144,	001,Adams,WI,8/12/2006 12:21:21 AM
County(CountyCode),3091,	001,Addison,VT,8/12/2006 12:21:21 AM
County(CountyCode),2574,	001,Anderson,TN,8/12/2006 12:21:21 AM
County(CountyCode),1566,	001,Adams,MS,8/12/2006 12:21:21 AM
County(CountyCode),1648,	001,Beaverhead,MT,8/12/2006 12:21:21 AM
County(CountyCode),1951,	001,Belknap,NH,8/12/2006 12:21:21 AM
County(CountyCode),1961,	001,Atlantic,NJ,8/12/2006 12:21:21 AM
County(CountyCode),1276,	001,Alcona,MI,8/12/2006 12:21:21 AM
County(CountyCode),558,	001,Hawaii,HI,8/12/2006 12:21:21 AM
County(CountyCode),1005,	001,Adair,KY,8/12/2006 12:21:21 AM
County(CountyCode),2462,	001,Abbeville,SC,8/12/2006 12:21:21 AM
County(CountyCode),706,	001,Adams,IL,8/12/2006 12:21:21 AM
County(CountyCode),398,	001,Appling,GA,8/12/2006 12:21:21 AM
County(CountyCode),662,	001,Ada,ID,8/12/2006 12:21:21 AM
County(CountyCode),2923,	001,Beaver,UT,8/12/2006 12:21:21 AM
County(CountyCode),2952,	001,Accomack,VA,8/12/2006 12:21:21 AM
County(CountyCode),563,	001,Adair,IA,8/12/2006 12:21:21 AM
County(CountyCode),2669,	001,Anderson,TX,8/12/2006 12:21:21 AM
County(CountyCode),1982,	001,Bernalillo,NM,8/12/2006 12:21:21 AM
County(CountyCode),1446,	001,Adair,MO,8/12/2006 12:21:21 AM
County(CountyCode),2032,	001,Albany,NY,8/12/2006 12:21:21 AM
County(CountyCode),250,	001,Adams,CO,8/12/2006 12:21:21 AM
County(CountyCode),323,	001,Kent,DE,8/12/2006 12:21:21 AM
County(CountyCode),326,	001,Alachua,FL,8/12/2006 12:21:21 AM
County(CountyCode),3271,	001,Albany,WY,8/12/2006 12:21:21 AM
County(CountyCode),2440,	002,Aimeliik,PW,8/12/2006 12:21:21 AM
County(CountyCode),324,	003,New Castle,DE,8/12/2006 12:21:21 AM
County(CountyCode),251,	003,Alamosa,CO,8/12/2006 12:21:21 AM
County(CountyCode),1806,	003,Barnes,ND,8/12/2006 12:21:21 AM
County(CountyCode),193,	003,Alpine,CA,8/12/2006 12:21:21 AM
County(CountyCode),31,	003,Baldwin,AL,8/12/2006 12:21:21 AM
County(CountyCode),1706,	003,Alexander,NC,8/12/2006 12:21:21 AM
County(CountyCode),1190,	003,Berkshire,MA,8/12/2006 12:21:21 AM
County(CountyCode),1204,	003,Anne Arundel,MD,8/12/2006 12:21:21 AM
County(CountyCode),1228,	003,Aroostook,ME,8/12/2006 12:21:21 AM
County(CountyCode),901,	003,Anderson,KS,8/12/2006 12:21:21 AM
County(CountyCode),1126,	003,Allen,LA,8/12/2006 12:21:21 AM
County(CountyCode),1567,	003,Alcorn,MS,8/12/2006 12:21:21 AM
County(CountyCode),2458,	003,Kent,RI,8/12/2006 12:21:21 AM
County(CountyCode),2296,	003,Allegheny,PA,8/12/2006 12:21:21 AM
County(CountyCode),1277,	003,Alger,MI,8/12/2006 12:21:21 AM
County(CountyCode),2260,	003,Benton,OR,8/12/2006 12:21:21 AM
County(CountyCode),2016,	003,Clark,NV,8/12/2006 12:21:21 AM
County(CountyCode),2033,	003,Allegany,NY,8/12/2006 12:21:21 AM
County(CountyCode),3272,	003,Big Horn,WY,8/12/2006 12:21:21 AM
County(CountyCode),98,	003,Ashley,AR,8/12/2006 12:21:21 AM
County(CountyCode),1447,	003,Andrew,MO,8/12/2006 12:21:21 AM
County(CountyCode),3217,	003,Berkeley,WV,8/12/2006 12:21:21 AM
County(CountyCode),3092,	003,Bennington,VT,8/12/2006 12:21:21 AM
County(CountyCode),2508,	003,Aurora,SD,8/12/2006 12:21:21 AM
County(CountyCode),2575,	003,Bedford,TN,8/12/2006 12:21:21 AM
County(CountyCode),3106,	003,Asotin,WA,8/12/2006 12:21:21 AM
County(CountyCode),3145,	003,Ashland,WI,8/12/2006 12:21:21 AM
County(CountyCode),1983,	003,Catron,NM,8/12/2006 12:21:21 AM
County(CountyCode),2183,	003,Alfalfa,OK,8/12/2006 12:21:21 AM
County(CountyCode),399,	003,Atkinson,GA,8/12/2006 12:21:21 AM
County(CountyCode),663,	003,Adams,ID,8/12/2006 12:21:21 AM
County(CountyCode),1952,	003,Carroll,NH,8/12/2006 12:21:21 AM
County(CountyCode),1962,	003,Bergen,NJ,8/12/2006 12:21:21 AM
County(CountyCode),1360,	003,Anoka,MN,8/12/2006 12:21:21 AM
County(CountyCode),2363,	003,Aguada,PR,8/12/2006 12:21:21 AM
County(CountyCode),2463,	003,Aiken,SC,8/12/2006 12:21:21 AM
County(CountyCode),2670,	003,Andrews,TX,8/12/2006 12:21:21 AM
County(CountyCode),559,	003,Honolulu,HI,8/12/2006 12:21:21 AM
County(CountyCode),327,	003,Baker,FL,8/12/2006 12:21:21 AM
County(CountyCode),1006,	003,Allen,KY,8/12/2006 12:21:21 AM
County(CountyCode),564,	003,Adams,IA,8/12/2006 12:21:21 AM
County(CountyCode),1649,	003,Big Horn,MT,8/12/2006 12:21:21 AM
County(CountyCode),707,	003,Alexander,IL,8/12/2006 12:21:21 AM
County(CountyCode),2924,	003,Box Elder,UT,8/12/2006 12:21:21 AM
County(CountyCode),1859,	003,Antelope,NE,8/12/2006 12:21:21 AM
County(CountyCode),178,	003,Cochise,AZ,8/12/2006 12:21:21 AM
County(CountyCode),315,	003,Hartford,CT,8/12/2006 12:21:21 AM
County(CountyCode),809,	003,Allen,IN,8/12/2006 12:21:21 AM
County(CountyCode),2095,	003,Allen,OH,8/12/2006 12:21:21 AM
County(CountyCode),2953,	003,Albemarle,VA,8/12/2006 12:21:21 AM
County(CountyCode),2441,	004,Airai,PW,8/12/2006 12:21:21 AM
County(CountyCode),325,	005,Sussex,DE,8/12/2006 12:21:21 AM
County(CountyCode),810,	005,Bartholomew,IN,8/12/2006 12:21:21 AM
County(CountyCode),2184,	005,Atoka,OK,8/12/2006 12:21:21 AM
County(CountyCode),252,	005,Arapahoe,CO,8/12/2006 12:21:21 AM
County(CountyCode),32,	005,Barbour,AL,8/12/2006 12:21:21 AM
County(CountyCode),1707,	005,Alleghany,NC,8/12/2006 12:21:21 AM
County(CountyCode),179,	005,Coconino,AZ,8/12/2006 12:21:21 AM
County(CountyCode),1205,	005,Baltimore,MD,8/12/2006 12:21:21 AM
County(CountyCode),902,	005,Atchison,KS,8/12/2006 12:21:21 AM
County(CountyCode),2096,	005,Ashland,OH,8/12/2006 12:21:21 AM
County(CountyCode),2364,	005,Aguadilla,PR,8/12/2006 12:21:21 AM
County(CountyCode),2297,	005,Armstrong,PA,8/12/2006 12:21:21 AM
County(CountyCode),1278,	005,Allegan,MI,8/12/2006 12:21:21 AM
County(CountyCode),1361,	005,Becker,MN,8/12/2006 12:21:21 AM
County(CountyCode),1860,	005,Arthur,NE,8/12/2006 12:21:21 AM
County(CountyCode),2017,	005,Douglas,NV,8/12/2006 12:21:21 AM
County(CountyCode),2034,	005,Bronx,NY,8/12/2006 12:21:21 AM
County(CountyCode),3273,	005,Campbell,WY,8/12/2006 12:21:21 AM
County(CountyCode),1448,	005,Atchison,MO,8/12/2006 12:21:21 AM
County(CountyCode),3093,	005,Caledonia,VT,8/12/2006 12:21:21 AM
County(CountyCode),2509,	005,Beadle,SD,8/12/2006 12:21:21 AM
County(CountyCode),2576,	005,Benton,TN,8/12/2006 12:21:21 AM
County(CountyCode),3107,	005,Benton,WA,8/12/2006 12:21:21 AM
County(CountyCode),3146,	005,Barron,WI,8/12/2006 12:21:21 AM
County(CountyCode),316,	005,Litchfield,CT,8/12/2006 12:21:21 AM
County(CountyCode),1984,	005,Chaves,NM,8/12/2006 12:21:21 AM
County(CountyCode),1953,	005,Cheshire,NH,8/12/2006 12:21:21 AM
County(CountyCode),1963,	005,Burlington,NJ,8/12/2006 12:21:21 AM
County(CountyCode),2459,	005,Newport,RI,8/12/2006 12:21:21 AM
County(CountyCode),2671,	005,Angelina,TX,8/12/2006 12:21:21 AM
County(CountyCode),1007,	005,Anderson,KY,8/12/2006 12:21:21 AM
County(CountyCode),560,	005,Kalawao,HI,8/12/2006 12:21:21 AM
County(CountyCode),565,	005,Allamakee,IA,8/12/2006 12:21:21 AM
County(CountyCode),1568,	005,Amite,MS,8/12/2006 12:21:21 AM
County(CountyCode),1650,	005,Blaine,MT,8/12/2006 12:21:21 AM
County(CountyCode),2464,	005,Allendale,SC,8/12/2006 12:21:21 AM
County(CountyCode),708,	005,Bond,IL,8/12/2006 12:21:21 AM
County(CountyCode),394,	005,Kosrae,FM,8/12/2006 12:21:21 AM
County(CountyCode),400,	005,Bacon,GA,8/12/2006 12:21:21 AM
County(CountyCode),664,	005,Bannock,ID,8/12/2006 12:21:21 AM
County(CountyCode),2954,	005,Alleghany,VA,8/12/2006 12:21:21 AM
County(CountyCode),328,	005,Bay,FL,8/12/2006 12:21:21 AM
County(CountyCode),99,	005,Baxter,AR,8/12/2006 12:21:21 AM
County(CountyCode),2261,	005,Clackamas,OR,8/12/2006 12:21:21 AM
County(CountyCode),1191,	005,Bristol,MA,8/12/2006 12:21:21 AM
County(CountyCode),1229,	005,Cumberland,ME,8/12/2006 12:21:21 AM
County(CountyCode),194,	005,Amador,CA,8/12/2006 12:21:21 AM
County(CountyCode),1127,	005,Ascension,LA,8/12/2006 12:21:21 AM
County(CountyCode),3218,	005,Boone,WV,8/12/2006 12:21:21 AM
County(CountyCode),2925,	005,Cache,UT,8/12/2006 12:21:21 AM
County(CountyCode),1807,	005,Benson,ND,8/12/2006 12:21:21 AM
County(CountyCode),1985,	006,Cibola,NM,8/12/2006 12:21:21 AM
County(CountyCode),317,	007,Middlesex,CT,8/12/2006 12:21:21 AM
County(CountyCode),811,	007,Benton,IN,8/12/2006 12:21:21 AM
County(CountyCode),2185,	007,Beaver,OK,8/12/2006 12:21:21 AM
County(CountyCode),1808,	007,Billings,ND,8/12/2006 12:21:21 AM
County(CountyCode),195,	007,Butte,CA,8/12/2006 12:21:21 AM
County(CountyCode),33,	007,Bibb,AL,8/12/2006 12:21:21 AM
County(CountyCode),100,	007,Benton,AR,8/12/2006 12:21:21 AM
County(CountyCode),180,	007,Gila,AZ,8/12/2006 12:21:21 AM
County(CountyCode),1192,	007,Dukes,MA,8/12/2006 12:21:21 AM
County(CountyCode),1230,	007,Franklin,ME,8/12/2006 12:21:21 AM
County(CountyCode),903,	007,Barber,KS,8/12/2006 12:21:21 AM
County(CountyCode),2097,	007,Ashtabula,OH,8/12/2006 12:21:21 AM
County(CountyCode),1128,	007,Assumption,LA,8/12/2006 12:21:21 AM
County(CountyCode),2365,	007,Aguas Buenas,PR,8/12/2006 12:21:21 AM
County(CountyCode),2460,	007,Providence,RI,8/12/2006 12:21:21 AM
County(CountyCode),1279,	007,Alpena,MI,8/12/2006 12:21:21 AM
County(CountyCode),1362,	007,Beltrami,MN,8/12/2006 12:21:21 AM
County(CountyCode),1861,	007,Banner,NE,8/12/2006 12:21:21 AM
County(CountyCode),2262,	007,Clatsop,OR,8/12/2006 12:21:21 AM
County(CountyCode),2035,	007,Broome,NY,8/12/2006 12:21:21 AM
County(CountyCode),3274,	007,Carbon,WY,8/12/2006 12:21:21 AM
County(CountyCode),1449,	007,Audrain,MO,8/12/2006 12:21:21 AM
County(CountyCode),3219,	007,Braxton,WV,8/12/2006 12:21:21 AM
County(CountyCode),3147,	007,Bayfield,WI,8/12/2006 12:21:21 AM
County(CountyCode),3094,	007,Chittenden,VT,8/12/2006 12:21:21 AM
County(CountyCode),2510,	007,Bennett,SD,8/12/2006 12:21:21 AM
County(CountyCode),2577,	007,Bledsoe,TN,8/12/2006 12:21:21 AM
County(CountyCode),709,	007,Boone,IL,8/12/2006 12:21:21 AM
County(CountyCode),1954,	007,Coos,NH,8/12/2006 12:21:21 AM
County(CountyCode),2298,	007,Beaver,PA,8/12/2006 12:21:21 AM
County(CountyCode),561,	007,Kauai,HI,8/12/2006 12:21:21 AM
County(CountyCode),1569,	007,Attala,MS,8/12/2006 12:21:21 AM
County(CountyCode),1651,	007,Broadwater,MT,8/12/2006 12:21:21 AM
County(CountyCode),2465,	007,Anderson,SC,8/12/2006 12:21:21 AM
County(CountyCode),401,	007,Baker,GA,8/12/2006 12:21:21 AM
County(CountyCode),665,	007,Bear Lake,ID,8/12/2006 12:21:21 AM
County(CountyCode),2926,	007,Carbon,UT,8/12/2006 12:21:21 AM
County(CountyCode),2955,	007,Amelia,VA,8/12/2006 12:21:21 AM
County(CountyCode),329,	007,Bradford,FL,8/12/2006 12:21:21 AM
County(CountyCode),566,	007,Appanoose,IA,8/12/2006 12:21:21 AM
County(CountyCode),2672,	007,Aransas,TX,8/12/2006 12:21:21 AM
County(CountyCode),1964,	007,Camden,NJ,8/12/2006 12:21:21 AM
County(CountyCode),1986,	007,Colfax,NM,8/12/2006 12:21:21 AM
County(CountyCode),2018,	007,Elko,NV,8/12/2006 12:21:21 AM
County(CountyCode),1008,	007,Ballard,KY,8/12/2006 12:21:21 AM
County(CountyCode),1243,	007,Ailinginae,MH,8/12/2006 12:21:21 AM
County(CountyCode),253,	007,Archuleta,CO,8/12/2006 12:21:21 AM
County(CountyCode),1708,	007,Anson,NC,8/12/2006 12:21:21 AM
County(CountyCode),3108,	007,Chelan,WA,8/12/2006 12:21:21 AM
County(CountyCode),318,	009,New Haven,CT,8/12/2006 12:21:21 AM
County(CountyCode),3275,	009,Converse,WY,8/12/2006 12:21:21 AM
County(CountyCode),254,	009,Baca,CO,8/12/2006 12:21:21 AM
County(CountyCode),1809,	009,Bottineau,ND,8/12/2006 12:21:21 AM
County(CountyCode),196,	009,Calaveras,CA,8/12/2006 12:21:21 AM
County(CountyCode),1709,	009,Ashe,NC,8/12/2006 12:21:21 AM
County(CountyCode),101,	009,Boone,AR,8/12/2006 12:21:21 AM
County(CountyCode),181,	009,Graham,AZ,8/12/2006 12:21:21 AM
County(CountyCode),1193,	009,Essex,MA,8/12/2006 12:21:21 AM
County(CountyCode),1231,	009,Hancock,ME,8/12/2006 12:21:21 AM
County(CountyCode),904,	009,Barton,KS,8/12/2006 12:21:21 AM
County(CountyCode),1129,	009,Avoyelles,LA,8/12/2006 12:21:21 AM
County(CountyCode),2366,	009,Aibonito,PR,8/12/2006 12:21:21 AM
County(CountyCode),2299,	009,Bedford,PA,8/12/2006 12:21:21 AM
County(CountyCode),1862,	009,Blaine,NE,8/12/2006 12:21:21 AM
County(CountyCode),2263,	009,Columbia,OR,8/12/2006 12:21:21 AM
County(CountyCode),2019,	009,Esmeralda,NV,8/12/2006 12:21:21 AM
County(CountyCode),3220,	009,Brooke,WV,8/12/2006 12:21:21 AM
County(CountyCode),3095,	009,Essex,VT,8/12/2006 12:21:21 AM
County(CountyCode),2511,	009,Bon Homme,SD,8/12/2006 12:21:21 AM
County(CountyCode),2578,	009,Blount,TN,8/12/2006 12:21:21 AM
County(CountyCode),3109,	009,Clallam,WA,8/12/2006 12:21:21 AM
County(CountyCode),3148,	009,Brown,WI,8/12/2006 12:21:21 AM
County(CountyCode),1965,	009,Cape May,NJ,8/12/2006 12:21:21 AM
County(CountyCode),1987,	009,Curry,NM,8/12/2006 12:21:21 AM
County(CountyCode),1570,	009,Benton,MS,8/12/2006 12:21:21 AM
County(CountyCode),1652,	009,Carbon,MT,8/12/2006 12:21:21 AM
County(CountyCode),402,	009,Baldwin,GA,8/12/2006 12:21:21 AM
County(CountyCode),1955,	009,Grafton,NH,8/12/2006 12:21:21 AM
County(CountyCode),1280,	009,Antrim,MI,8/12/2006 12:21:21 AM
County(CountyCode),1363,	009,Benton,MN,8/12/2006 12:21:21 AM
County(CountyCode),2466,	009,Bamberg,SC,8/12/2006 12:21:21 AM
County(CountyCode),2673,	009,Archer,TX,8/12/2006 12:21:21 AM
County(CountyCode),1009,	009,Barren,KY,8/12/2006 12:21:21 AM
County(CountyCode),562,	009,Maui,HI,8/12/2006 12:21:21 AM
County(CountyCode),567,	009,Audubon,IA,8/12/2006 12:21:21 AM
County(CountyCode),2461,	009,Washington,RI,8/12/2006 12:21:21 AM
County(CountyCode),710,	009,Brown,IL,8/12/2006 12:21:21 AM
County(CountyCode),666,	009,Benewah,ID,8/12/2006 12:21:21 AM
County(CountyCode),2927,	009,Daggett,UT,8/12/2006 12:21:21 AM
County(CountyCode),2956,	009,Amherst,VA,8/12/2006 12:21:21 AM
County(CountyCode),330,	009,Brevard,FL,8/12/2006 12:21:21 AM
County(CountyCode),1450,	009,Barry,MO,8/12/2006 12:21:21 AM
County(CountyCode),2036,	009,Cattaraugus,NY,8/12/2006 12:21:21 AM
County(CountyCode),1206,	009,Calvert,MD,8/12/2006 12:21:21 AM
County(CountyCode),34,	009,Blount,AL,8/12/2006 12:21:21 AM
County(CountyCode),812,	009,Blackford,IN,8/12/2006 12:21:21 AM
County(CountyCode),2098,	009,Athens,OH,8/12/2006 12:21:21 AM
County(CountyCode),2186,	009,Beckham,OK,8/12/2006 12:21:21 AM
County(CountyCode),172,	010,Eastern,AS,8/12/2006 12:21:21 AM
County(CountyCode),1244,	010,Ailinglaplap,MH,8/12/2006 12:21:21 AM
County(CountyCode),3088,	010,St. Croix,VI,8/12/2006 12:21:21 AM
County(CountyCode),1561,	010,Mariana Islands,MP,8/12/2006 12:21:21 AM
County(CountyCode),2442,	010,Angaur,PW,8/12/2006 12:21:21 AM
County(CountyCode),557,	010,Guam,GU,8/12/2006 12:21:21 AM
County(CountyCode),1,	010,Aleutian Is. ( Pre 1992),AK,8/12/2006 12:21:21 AM
County(CountyCode),255,	011,Bent,CO,8/12/2006 12:21:21 AM
County(CountyCode),182,	011,Greenlee,AZ,8/12/2006 12:21:21 AM
County(CountyCode),35,	011,Bullock,AL,8/12/2006 12:21:21 AM
County(CountyCode),1710,	011,Avery,NC,8/12/2006 12:21:21 AM
County(CountyCode),1194,	011,Franklin,MA,8/12/2006 12:21:21 AM
County(CountyCode),1207,	011,Caroline,MD,8/12/2006 12:21:21 AM
County(CountyCode),1232,	011,Kennebec,ME,8/12/2006 12:21:21 AM
County(CountyCode),905,	011,Bourbon,KS,8/12/2006 12:21:21 AM
County(CountyCode),2099,	011,Auglaize,OH,8/12/2006 12:21:21 AM
County(CountyCode),1130,	011,Beauregard,LA,8/12/2006 12:21:21 AM
County(CountyCode),1364,	011,Big Stone,MN,8/12/2006 12:21:21 AM
County(CountyCode),2264,	011,Coos,OR,8/12/2006 12:21:21 AM
County(CountyCode),2020,	011,Eureka,NV,8/12/2006 12:21:21 AM
County(CountyCode),2037,	011,Cayuga,NY,8/12/2006 12:21:21 AM
County(CountyCode),3276,	011,Crook,WY,8/12/2006 12:21:21 AM
County(CountyCode),1451,	011,Barton,MO,8/12/2006 12:21:21 AM
County(CountyCode),3221,	011,Cabell,WV,8/12/2006 12:21:21 AM
County(CountyCode),3096,	011,Franklin,VT,8/12/2006 12:21:21 AM
County(CountyCode),2512,	011,Brookings,SD,8/12/2006 12:21:21 AM
County(CountyCode),2579,	011,Bradley,TN,8/12/2006 12:21:21 AM
County(CountyCode),3110,	011,Clark,WA,8/12/2006 12:21:21 AM
County(CountyCode),3149,	011,Buffalo,WI,8/12/2006 12:21:21 AM
County(CountyCode),813,	011,Boone,IN,8/12/2006 12:21:21 AM
County(CountyCode),1966,	011,Cumberland,NJ,8/12/2006 12:21:21 AM
County(CountyCode),1988,	011,De Baca,NM,8/12/2006 12:21:21 AM
County(CountyCode),2187,	011,Blaine,OK,8/12/2006 12:21:21 AM
County(CountyCode),667,	011,Bingham,ID,8/12/2006 12:21:21 AM
County(CountyCode),1956,	011,Hillsborough,NH,8/12/2006 12:21:21 AM
County(CountyCode),2367,	011,Anasco,PR,8/12/2006 12:21:21 AM
County(CountyCode),2674,	011,Armstrong,TX,8/12/2006 12:21:21 AM
County(CountyCode),1010,	011,Bath,KY,8/12/2006 12:21:21 AM
County(CountyCode),568,	011,Benton,IA,8/12/2006 12:21:21 AM
County(CountyCode),1571,	011,Bolivar,MS,8/12/2006 12:21:21 AM
County(CountyCode),1653,	011,Carter,MT,8/12/2006 12:21:21 AM
County(CountyCode),2467,	011,Barnwell,SC,8/12/2006 12:21:21 AM
County(CountyCode),2300,	011,Berks,PA,8/12/2006 12:21:21 AM
County(CountyCode),1281,	011,Arenac,MI,8/12/2006 12:21:21 AM
County(CountyCode),711,	011,Bureau,IL,8/12/2006 12:21:21 AM
County(CountyCode),403,	011,Banks,GA,8/12/2006 12:21:21 AM
County(CountyCode),331,	011,Broward,FL,8/12/2006 12:21:21 AM
County(CountyCode),1863,	011,Boone,NE,8/12/2006 12:21:21 AM
County(CountyCode),102,	011,Bradley,AR,8/12/2006 12:21:21 AM
County(CountyCode),197,	011,Colusa,CA,8/12/2006 12:21:21 AM
County(CountyCode),319,	011,New London,CT,8/12/2006 12:21:21 AM
County(CountyCode),2928,	011,Davis,UT,8/12/2006 12:21:21 AM
County(CountyCode),2957,	011,Appomattox,VA,8/12/2006 12:21:21 AM
County(CountyCode),1810,	011,Bowman,ND,8/12/2006 12:21:21 AM
County(CountyCode),183,	012,La Paz,AZ,8/12/2006 12:21:21 AM
County(CountyCode),256,	013,Boulder,CO,8/12/2006 12:21:21 AM
County(CountyCode),1811,	013,Burke,ND,8/12/2006 12:21:21 AM
County(CountyCode),184,	013,Maricopa,AZ,8/12/2006 12:21:21 AM
County(CountyCode),2,	013,Aleutians East (B),AK,8/12/2006 12:21:21 AM
County(CountyCode),36,	013,Butler,AL,8/12/2006 12:21:21 AM
County(CountyCode),103,	013,Calhoun,AR,8/12/2006 12:21:21 AM
County(CountyCode),1208,	013,Carroll,MD,8/12/2006 12:21:21 AM
County(CountyCode),906,	013,Brown,KS,8/12/2006 12:21:21 AM
County(CountyCode),2100,	013,Belmont,OH,8/12/2006 12:21:21 AM
County(CountyCode),1282,	013,Baraga,MI,8/12/2006 12:21:21 AM
County(CountyCode),1365,	013,Blue Earth,MN,8/12/2006 12:21:21 AM
County(CountyCode),1864,	013,Box Butte,NE,8/12/2006 12:21:21 AM
County(CountyCode),2038,	013,Chautauqua,NY,8/12/2006 12:21:21 AM
County(CountyCode),3277,	013,Fremont,WY,8/12/2006 12:21:21 AM
County(CountyCode),1452,	013,Bates,MO,8/12/2006 12:21:21 AM
County(CountyCode),3097,	013,Grand Isle,VT,8/12/2006 12:21:21 AM
County(CountyCode),2580,	013,Campbell,TN,8/12/2006 12:21:21 AM
County(CountyCode),3150,	013,Burnett,WI,8/12/2006 12:21:21 AM
County(CountyCode),320,	013,Tolland,CT,8/12/2006 12:21:21 AM
County(CountyCode),814,	013,Brown,IN,8/12/2006 12:21:21 AM
County(CountyCode),2188,	013,Bryan,OK,8/12/2006 12:21:21 AM
County(CountyCode),198,	013,Contra Costa,CA,8/12/2006 12:21:21 AM
County(CountyCode),2513,	013,Brown,SD,8/12/2006 12:21:21 AM
County(CountyCode),712,	013,Calhoun,IL,8/12/2006 12:21:21 AM
County(CountyCode),1957,	013,Merrimack,NH,8/12/2006 12:21:21 AM
County(CountyCode),2301,	013,Blair,PA,8/12/2006 12:21:21 AM
County(CountyCode),2675,	013,Atascosa,TX,8/12/2006 12:21:21 AM
County(CountyCode),1011,	013,Bell,KY,8/12/2006 12:21:21 AM
County(CountyCode),569,	013,Black Hawk,IA,8/12/2006 12:21:21 AM
County(CountyCode),1572,	013,Calhoun,MS,8/12/2006 12:21:21 AM
County(CountyCode),1654,	013,Cascade,MT,8/12/2006 12:21:21 AM
County(CountyCode),2468,	013,Beaufort,SC,8/12/2006 12:21:21 AM
County(CountyCode),2368,	013,Arecibo,PR,8/12/2006 12:21:21 AM
County(CountyCode),404,	013,Barrow,GA,8/12/2006 12:21:21 AM
County(CountyCode),668,	013,Blaine,ID,8/12/2006 12:21:21 AM
County(CountyCode),2929,	013,Duchesne,UT,8/12/2006 12:21:21 AM
County(CountyCode),2958,	013,Arlington,VA,8/12/2006 12:21:21 AM
County(CountyCode),332,	013,Calhoun,FL,8/12/2006 12:21:21 AM
County(CountyCode),1967,	013,Essex,NJ,8/12/2006 12:21:21 AM
County(CountyCode),1989,	013,Dona Ana,NM,8/12/2006 12:21:21 AM
County(CountyCode),2021,	013,Humboldt,NV,8/12/2006 12:21:21 AM
County(CountyCode),2265,	013,Crook,OR,8/12/2006 12:21:21 AM
County(CountyCode),1195,	013,Hampden,MA,8/12/2006 12:21:21 AM
County(CountyCode),1233,	013,Knox,ME,8/12/2006 12:21:21 AM
County(CountyCode),1131,	013,Bienville,LA,8/12/2006 12:21:21 AM
County(CountyCode),3222,	013,Calhoun,WV,8/12/2006 12:21:21 AM
County(CountyCode),1711,	013,Beaufort,NC,8/12/2006 12:21:21 AM
County(CountyCode),3111,	013,Columbia,WA,8/12/2006 12:21:21 AM
County(CountyCode),257,	014,Broomfield,CO,8/12/2006 12:21:21 AM
County(CountyCode),199,	015,Del Norte,CA,8/12/2006 12:21:21 AM
County(CountyCode),258,	015,Chaffee,CO,8/12/2006 12:21:21 AM
County(CountyCode),1812,	015,Burleigh,ND,8/12/2006 12:21:21 AM
County(CountyCode),185,	015,Mohave,AZ,8/12/2006 12:21:21 AM
County(CountyCode),37,	015,Calhoun,AL,8/12/2006 12:21:21 AM
County(CountyCode),1712,	015,Bertie,NC,8/12/2006 12:21:21 AM
County(CountyCode),104,	015,Carroll,AR,8/12/2006 12:21:21 AM
County(CountyCode),1196,	015,Hampshire,MA,8/12/2006 12:21:21 AM
County(CountyCode),1209,	015,Cecil,MD,8/12/2006 12:21:21 AM
County(CountyCode),1234,	015,Lincoln,ME,8/12/2006 12:21:21 AM
County(CountyCode),907,	015,Butler,KS,8/12/2006 12:21:21 AM
County(CountyCode),2101,	015,Brown,OH,8/12/2006 12:21:21 AM
County(CountyCode),1132,	015,Bossier,LA,8/12/2006 12:21:21 AM
County(CountyCode),1366,	015,Brown,MN,8/12/2006 12:21:21 AM
County(CountyCode),1865,	015,Boyd,NE,8/12/2006 12:21:21 AM
County(CountyCode),2266,	015,Curry,OR,8/12/2006 12:21:21 AM
County(CountyCode),2022,	015,Lander,NV,8/12/2006 12:21:21 AM
County(CountyCode),2039,	015,Chemung,NY,8/12/2006 12:21:21 AM
County(CountyCode),3223,	015,Clay,WV,8/12/2006 12:21:21 AM
County(CountyCode),2514,	015,Brule,SD,8/12/2006 12:21:21 AM
County(CountyCode),3112,	015,Cowlitz,WA,8/12/2006 12:21:21 AM
County(CountyCode),321,	015,Windham,CT,8/12/2006 12:21:21 AM
County(CountyCode),815,	015,Carroll,IN,8/12/2006 12:21:21 AM
County(CountyCode),2189,	015,Caddo,OK,8/12/2006 12:21:21 AM
County(CountyCode),3151,	015,Calumet,WI,8/12/2006 12:21:21 AM
County(CountyCode),3098,	015,Lamoille,VT,8/12/2006 12:21:21 AM
County(CountyCode),2581,	015,Cannon,TN,8/12/2006 12:21:21 AM
County(CountyCode),1968,	015,Gloucester,NJ,8/12/2006 12:21:21 AM
County(CountyCode),1990,	015,Eddy,NM,8/12/2006 12:21:21 AM
County(CountyCode),1573,	015,Carroll,MS,8/12/2006 12:21:21 AM
County(CountyCode),1655,	015,Chouteau,MT,8/12/2006 12:21:21 AM
County(CountyCode),1958,	015,Rockingham,NH,8/12/2006 12:21:21 AM
County(CountyCode),1283,	015,Barry,MI,8/12/2006 12:21:21 AM
County(CountyCode),2469,	015,Berkeley,SC,8/12/2006 12:21:21 AM
County(CountyCode),2369,	015,Arroyo,PR,8/12/2006 12:21:21 AM
County(CountyCode),2302,	015,Bradford,PA,8/12/2006 12:21:21 AM
County(CountyCode),713,	015,Carroll,IL,8/12/2006 12:21:21 AM
County(CountyCode),405,	015,Bartow,GA,8/12/2006 12:21:21 AM
County(CountyCode),669,	015,Boise,ID,8/12/2006 12:21:21 AM
County(CountyCode),2930,	015,Emery,UT,8/12/2006 12:21:21 AM
County(CountyCode),2959,	015,Augusta,VA,8/12/2006 12:21:21 AM
County(CountyCode),333,	015,Charlotte,FL,8/12/2006 12:21:21 AM
County(CountyCode),570,	015,Boone,IA,8/12/2006 12:21:21 AM
County(CountyCode),2676,	015,Austin,TX,8/12/2006 12:21:21 AM
County(CountyCode),1453,	015,Benton,MO,8/12/2006 12:21:21 AM
County(CountyCode),1012,	015,Boone,KY,8/12/2006 12:21:21 AM
County(CountyCode),3278,	015,Goshen,WY,8/12/2006 12:21:21 AM
County(CountyCode),3,	016,Aleutians West (C),AK,8/12/2006 12:21:21 AM
County(CountyCode),200,	017,El Dorado,CA,8/12/2006 12:21:21 AM
County(CountyCode),259,	017,Cheyenne,CO,8/12/2006 12:21:21 AM
County(CountyCode),1813,	017,Cass,ND,8/12/2006 12:21:21 AM
County(CountyCode),1713,	017,Bladen,NC,8/12/2006 12:21:21 AM
County(CountyCode),105,	017,Chicot,AR,8/12/2006 12:21:21 AM
County(CountyCode),1197,	017,Middlesex,MA,8/12/2006 12:21:21 AM
County(CountyCode),1235,	017,Oxford,ME,8/12/2006 12:21:21 AM
County(CountyCode),908,	017,Chase,KS,8/12/2006 12:21:21 AM
County(CountyCode),1133,	017,Caddo,LA,8/12/2006 12:21:21 AM
County(CountyCode),1284,	017,Bay,MI,8/12/2006 12:21:21 AM
County(CountyCode),2267,	017,Deschutes,OR,8/12/2006 12:21:21 AM
County(CountyCode),2023,	017,Lincoln,NV,8/12/2006 12:21:21 AM
County(CountyCode),3279,	017,Hot Springs,WY,8/12/2006 12:21:21 AM
County(CountyCode),1454,	017,Bollinger,MO,8/12/2006 12:21:21 AM
County(CountyCode),3224,	017,Doddridge,WV,8/12/2006 12:21:21 AM
County(CountyCode),3099,	017,Orange,VT,8/12/2006 12:21:21 AM
County(CountyCode),2515,	017,Buffalo,SD,8/12/2006 12:21:21 AM
County(CountyCode),2582,	017,Carroll,TN,8/12/2006 12:21:21 AM
County(CountyCode),3113,	017,Douglas,WA,8/12/2006 12:21:21 AM
County(CountyCode),3152,	017,Chippewa,WI,8/12/2006 12:21:21 AM
County(CountyCode),1969,	017,Hudson,NJ,8/12/2006 12:21:21 AM
County(CountyCode),1991,	017,Grant,NM,8/12/2006 12:21:21 AM
County(CountyCode),2190,	017,Canadian,OK,8/12/2006 12:21:21 AM
County(CountyCode),406,	017,Ben Hill,GA,8/12/2006 12:21:21 AM
County(CountyCode),670,	017,Bonner,ID,8/12/2006 12:21:21 AM
County(CountyCode),1959,	017,Strafford,NH,8/12/2006 12:21:21 AM
County(CountyCode),1367,	017,Carlton,MN,8/12/2006 12:21:21 AM
County(CountyCode),2370,	017,Barceloneta,PR,8/12/2006 12:21:21 AM
County(CountyCode),2470,	017,Calhoun,SC,8/12/2006 12:21:21 AM
County(CountyCode),2677,	017,Bailey,TX,8/12/2006 12:21:21 AM
County(CountyCode),1013,	017,Bourbon,KY,8/12/2006 12:21:21 AM
County(CountyCode),571,	017,Bremer,IA,8/12/2006 12:21:21 AM
County(CountyCode),1574,	017,Chickasaw,MS,8/12/2006 12:21:21 AM
County(CountyCode),1656,	017,Custer,MT,8/12/2006 12:21:21 AM
County(CountyCode),2303,	017,Bucks,PA,8/12/2006 12:21:21 AM
County(CountyCode),714,	017,Cass,IL,8/12/2006 12:21:21 AM
County(CountyCode),2931,	017,Garfield,UT,8/12/2006 12:21:21 AM
County(CountyCode),2960,	017,Bath,VA,8/12/2006 12:21:21 AM
County(CountyCode),334,	017,Citrus,FL,8/12/2006 12:21:21 AM
County(CountyCode),2040,	017,Chenango,NY,8/12/2006 12:21:21 AM
County(CountyCode),1866,	017,Brown,NE,8/12/2006 12:21:21 AM
County(CountyCode),1210,	017,Charles,MD,8/12/2006 12:21:21 AM
County(CountyCode),38,	017,Chambers,AL,8/12/2006 12:21:21 AM
County(CountyCode),186,	017,Navajo,AZ,8/12/2006 12:21:21 AM
County(CountyCode),816,	017,Cass,IN,8/12/2006 12:21:21 AM
County(CountyCode),2102,	017,Butler,OH,8/12/2006 12:21:21 AM
County(CountyCode),260,	019,Clear Creek,CO,8/12/2006 12:21:21 AM
County(CountyCode),1814,	019,Cavalier,ND,8/12/2006 12:21:21 AM
County(CountyCode),39,	019,Cherokee,AL,8/12/2006 12:21:21 AM
County(CountyCode),1714,	019,Brunswick,NC,8/12/2006 12:21:21 AM
County(CountyCode),1198,	019,Nantucket,MA,8/12/2006 12:21:21 AM
County(CountyCode),1211,	019,Dorchester,MD,8/12/2006 12:21:21 AM
County(CountyCode),909,	019,Chautauqua,KS,8/12/2006 12:21:21 AM
County(CountyCode),2103,	019,Carroll,OH,8/12/2006 12:21:21 AM
County(CountyCode),1285,	019,Benzie,MI,8/12/2006 12:21:21 AM
County(CountyCode),1368,	019,Carver,MN,8/12/2006 12:21:21 AM
County(CountyCode),1867,	019,Buffalo,NE,8/12/2006 12:21:21 AM
County(CountyCode),2268,	019,Douglas,OR,8/12/2006 12:21:21 AM
County(CountyCode),2024,	019,Lyon,NV,8/12/2006 12:21:21 AM
County(CountyCode),2041,	019,Clinton,NY,8/12/2006 12:21:21 AM
County(CountyCode),3280,	019,Johnson,WY,8/12/2006 12:21:21 AM
County(CountyCode),1455,	019,Boone,MO,8/12/2006 12:21:21 AM
County(CountyCode),2516,	019,Butte,SD,8/12/2006 12:21:21 AM
County(CountyCode),2583,	019,Carter,TN,8/12/2006 12:21:21 AM
County(CountyCode),3100,	019,Orleans,VT,8/12/2006 12:21:21 AM
County(CountyCode),3114,	019,Ferry,WA,8/12/2006 12:21:21 AM
County(CountyCode),3153,	019,Clark,WI,8/12/2006 12:21:21 AM
County(CountyCode),817,	019,Clark,IN,8/12/2006 12:21:21 AM
County(CountyCode),2191,	019,Carter,OK,8/12/2006 12:21:21 AM
County(CountyCode),1970,	019,Hunterdon,NJ,8/12/2006 12:21:21 AM
County(CountyCode),1992,	019,Guadalupe,NM,8/12/2006 12:21:21 AM
County(CountyCode),2304,	019,Butler,PA,8/12/2006 12:21:21 AM
County(CountyCode),2678,	019,Bandera,TX,8/12/2006 12:21:21 AM
County(CountyCode),1014,	019,Boyd,KY,8/12/2006 12:21:21 AM
County(CountyCode),572,	019,Buchanan,IA,8/12/2006 12:21:21 AM
County(CountyCode),1575,	019,Choctaw,MS,8/12/2006 12:21:21 AM
County(CountyCode),1657,	019,Daniels,MT,8/12/2006 12:21:21 AM
County(CountyCode),2471,	019,Charleston,SC,8/12/2006 12:21:21 AM
County(CountyCode),2371,	019,Barranquitas,PR,8/12/2006 12:21:21 AM
County(CountyCode),715,	019,Champaign,IL,8/12/2006 12:21:21 AM
County(CountyCode),407,	019,Berrien,GA,8/12/2006 12:21:21 AM
County(CountyCode),671,	019,Bonneville,ID,8/12/2006 12:21:21 AM
County(CountyCode),335,	019,Clay,FL,8/12/2006 12:21:21 AM
County(CountyCode),1960,	019,Sullivan,NH,8/12/2006 12:21:21 AM
County(CountyCode),1134,	019,Calcasieu,LA,8/12/2006 12:21:21 AM
County(CountyCode),1236,	019,Penobscot,ME,8/12/2006 12:21:21 AM
County(CountyCode),106,	019,Clark,AR,8/12/2006 12:21:21 AM
County(CountyCode),201,	019,Fresno,CA,8/12/2006 12:21:21 AM
County(CountyCode),3225,	019,Fayette,WV,8/12/2006 12:21:21 AM
County(CountyCode),2932,	019,Grand,UT,8/12/2006 12:21:21 AM
County(CountyCode),2961,	019,Bedford,VA,8/12/2006 12:21:21 AM
County(CountyCode),187,	019,Pima,AZ,8/12/2006 12:21:21 AM
County(CountyCode),173,	020,Manu'a,AS,8/12/2006 12:21:21 AM
County(CountyCode),3089,	020,St. John,VI,8/12/2006 12:21:21 AM
County(CountyCode),4,	020,Anchorage (B),AK,8/12/2006 12:21:21 AM
County(CountyCode),40,	021,Chilton,AL,8/12/2006 12:21:21 AM
County(CountyCode),107,	021,Clay,AR,8/12/2006 12:21:21 AM
County(CountyCode),1212,	021,Frederick,MD,8/12/2006 12:21:21 AM
County(CountyCode),1237,	021,Piscataquis,ME,8/12/2006 12:21:21 AM
County(CountyCode),2104,	021,Champaign,OH,8/12/2006 12:21:21 AM
County(CountyCode),1135,	021,Caldwell,LA,8/12/2006 12:21:21 AM
County(CountyCode),1868,	021,Burt,NE,8/12/2006 12:21:21 AM
County(CountyCode),2042,	021,Columbia,NY,8/12/2006 12:21:21 AM
County(CountyCode),3281,	021,Laramie,WY,8/12/2006 12:21:21 AM
County(CountyCode),1456,	021,Buchanan,MO,8/12/2006 12:21:21 AM
County(CountyCode),3226,	021,Gilmer,WV,8/12/2006 12:21:21 AM
County(CountyCode),2584,	021,Cheatham,TN,8/12/2006 12:21:21 AM
County(CountyCode),3101,	021,Rutland,VT,8/12/2006 12:21:21 AM
County(CountyCode),3154,	021,Columbia,WI,8/12/2006 12:21:21 AM
County(CountyCode),818,	021,Clay,IN,8/12/2006 12:21:21 AM
County(CountyCode),2192,	021,Cherokee,OK,8/12/2006 12:21:21 AM
County(CountyCode),202,	021,Glenn,CA,8/12/2006 12:21:21 AM
County(CountyCode),1815,	021,Dickey,ND,8/12/2006 12:21:21 AM
County(CountyCode),188,	021,Pinal,AZ,8/12/2006 12:21:21 AM
County(CountyCode),3115,	021,Franklin,WA,8/12/2006 12:21:21 AM
County(CountyCode),2517,	021,Campbell,SD,8/12/2006 12:21:21 AM
County(CountyCode),716,	021,Christian,IL,8/12/2006 12:21:21 AM
County(CountyCode),2679,	021,Bastrop,TX,8/12/2006 12:21:21 AM
County(CountyCode),1576,	021,Claiborne,MS,8/12/2006 12:21:21 AM
County(CountyCode),1658,	021,Dawson,MT,8/12/2006 12:21:21 AM
County(CountyCode),2472,	021,Cherokee,SC,8/12/2006 12:21:21 AM
County(CountyCode),2372,	021,Bayamon,PR,8/12/2006 12:21:21 AM
County(CountyCode),2305,	021,Cambria,PA,8/12/2006 12:21:21 AM
County(CountyCode),1286,	021,Berrien,MI,8/12/2006 12:21:21 AM
County(CountyCode),1369,	021,Cass,MN,8/12/2006 12:21:21 AM
County(CountyCode),408,	021,Bibb,GA,8/12/2006 12:21:21 AM
County(CountyCode),672,	021,Boundary,ID,8/12/2006 12:21:21 AM
County(CountyCode),2933,	021,Iron,UT,8/12/2006 12:21:21 AM
County(CountyCode),2962,	021,Bland,VA,8/12/2006 12:21:21 AM
County(CountyCode),336,	021,Collier,FL,8/12/2006 12:21:21 AM
County(CountyCode),573,	021,Buena Vista,IA,8/12/2006 12:21:21 AM
County(CountyCode),1971,	021,Mercer,NJ,8/12/2006 12:21:21 AM
County(CountyCode),1993,	021,Harding,NM,8/12/2006 12:21:21 AM
County(CountyCode),2025,	021,Mineral,NV,8/12/2006 12:21:21 AM
County(CountyCode),2269,	021,Gilliam,OR,8/12/2006 12:21:21 AM
County(CountyCode),1015,	021,Boyle,KY,8/12/2006 12:21:21 AM
County(CountyCode),1199,	021,Norfolk,MA,8/12/2006 12:21:21 AM
County(CountyCode),910,	021,Cherokee,KS,8/12/2006 12:21:21 AM
County(CountyCode),261,	021,Conejos,CO,8/12/2006 12:21:21 AM
County(CountyCode),1715,	021,Buncombe,NC,8/12/2006 12:21:21 AM
County(CountyCode),1716,	023,Burke,NC,8/12/2006 12:21:21 AM
County(CountyCode),108,	023,Cleburne,AR,8/12/2006 12:21:21 AM
County(CountyCode),1200,	023,Plymouth,MA,8/12/2006 12:21:21 AM
County(CountyCode),1238,	023,Sagadahoc,ME,8/12/2006 12:21:21 AM
County(CountyCode),911,	023,Cheyenne,KS,8/12/2006 12:21:21 AM
County(CountyCode),1136,	023,Cameron,LA,8/12/2006 12:21:21 AM
County(CountyCode),1869,	023,Butler,NE,8/12/2006 12:21:21 AM
County(CountyCode),2270,	023,Grant,OR,8/12/2006 12:21:21 AM
County(CountyCode),2026,	023,Nye,NV,8/12/2006 12:21:21 AM
County(CountyCode),2043,	023,Cortland,NY,8/12/2006 12:21:21 AM
County(CountyCode),3227,	023,Grant,WV,8/12/2006 12:21:21 AM
County(CountyCode),2518,	023,Charles Mix,SD,8/12/2006 12:21:21 AM
County(CountyCode),2193,	023,Choctaw,OK,8/12/2006 12:21:21 AM
County(CountyCode),3102,	023,Washington,VT,8/12/2006 12:21:21 AM
County(CountyCode),3116,	023,Garfield,WA,8/12/2006 12:21:21 AM
County(CountyCode),203,	023,Humboldt,CA,8/12/2006 12:21:21 AM
County(CountyCode),262,	023,Costilla,CO,8/12/2006 12:21:21 AM
County(CountyCode),1816,	023,Divide,ND,8/12/2006 12:21:21 AM
County(CountyCode),189,	023,Santa Cruz,AZ,8/12/2006 12:21:21 AM
County(CountyCode),3155,	023,Crawford,WI,8/12/2006 12:21:21 AM
County(CountyCode),2585,	023,Chester,TN,8/12/2006 12:21:21 AM
County(CountyCode),1972,	023,Middlesex,NJ,8/12/2006 12:21:21 AM
County(CountyCode),1994,	023,Hidalgo,NM,8/12/2006 12:21:21 AM
County(CountyCode),1577,	023,Clarke,MS,8/12/2006 12:21:21 AM
County(CountyCode),1659,	023,Deer Lodge,MT,8/12/2006 12:21:21 AM
County(CountyCode),1287,	023,Branch,MI,8/12/2006 12:21:21 AM
County(CountyCode),1370,	023,Chippewa,MN,8/12/2006 12:21:21 AM
County(CountyCode),2473,	023,Chester,SC,8/12/2006 12:21:21 AM
County(CountyCode),1016,	023,Bracken,KY,8/12/2006 12:21:21 AM
County(CountyCode),574,	023,Butler,IA,8/12/2006 12:21:21 AM
County(CountyCode),2373,	023,Cabo Rojo,PR,8/12/2006 12:21:21 AM
County(CountyCode),2306,	023,Cameron,PA,8/12/2006 12:21:21 AM
County(CountyCode),717,	023,Clark,IL,8/12/2006 12:21:21 AM
County(CountyCode),409,	023,Bleckley,GA,8/12/2006 12:21:21 AM
County(CountyCode),673,	023,Butte,ID,8/12/2006 12:21:21 AM
County(CountyCode),2934,	023,Juab,UT,8/12/2006 12:21:21 AM
County(CountyCode),2963,	023,Botetourt,VA,8/12/2006 12:21:21 AM
County(CountyCode),337,	023,Columbia,FL,8/12/2006 12:21:21 AM
County(CountyCode),2680,	023,Baylor,TX,8/12/2006 12:21:21 AM
County(CountyCode),1457,	023,Butler,MO,8/12/2006 12:21:21 AM
County(CountyCode),1213,	023,Garrett,MD,8/12/2006 12:21:21 AM
County(CountyCode),41,	023,Choctaw,AL,8/12/2006 12:21:21 AM
County(CountyCode),819,	023,Clinton,IN,8/12/2006 12:21:21 AM
County(CountyCode),2105,	023,Clark,OH,8/12/2006 12:21:21 AM
County(CountyCode),3282,	023,Lincoln,WY,8/12/2006 12:21:21 AM
County(CountyCode),42,	025,Clarke,AL,8/12/2006 12:21:21 AM
County(CountyCode),1717,	025,Cabarrus,NC,8/12/2006 12:21:21 AM
County(CountyCode),912,	025,Clark,KS,8/12/2006 12:21:21 AM
County(CountyCode),1201,	025,Suffolk,MA,8/12/2006 12:21:21 AM
County(CountyCode),1214,	025,Harford,MD,8/12/2006 12:21:21 AM
County(CountyCode),1239,	025,Somerset,ME,8/12/2006 12:21:21 AM
County(CountyCode),2106,	025,Clermont,OH,8/12/2006 12:21:21 AM
County(CountyCode),1137,	025,Catahoula,LA,8/12/2006 12:21:21 AM
County(CountyCode),2271,	025,Harney,OR,8/12/2006 12:21:21 AM
County(CountyCode),1458,	025,Caldwell,MO,8/12/2006 12:21:21 AM
County(CountyCode),3228,	025,Greenbrier,WV,8/12/2006 12:21:21 AM
County(CountyCode),3156,	025,Dane,WI,8/12/2006 12:21:21 AM
County(CountyCode),2519,	025,Clark,SD,8/12/2006 12:21:21 AM
County(CountyCode),2586,	025,Claiborne,TN,8/12/2006 12:21:21 AM
County(CountyCode),3103,	025,Windham,VT,8/12/2006 12:21:21 AM
County(CountyCode),3117,	025,Grant,WA,8/12/2006 12:21:21 AM
County(CountyCode),820,	025,Crawford,IN,8/12/2006 12:21:21 AM
County(CountyCode),204,	025,Imperial,CA,8/12/2006 12:21:21 AM
County(CountyCode),263,	025,Crowley,CO,8/12/2006 12:21:21 AM
County(CountyCode),1817,	025,Dunn,ND,8/12/2006 12:21:21 AM
County(CountyCode),1973,	025,Monmouth,NJ,8/12/2006 12:21:21 AM
County(CountyCode),1995,	025,Lea,NM,8/12/2006 12:21:21 AM
County(CountyCode),2194,	025,Cimarron,OK,8/12/2006 12:21:21 AM
County(CountyCode),338,	025,Dade,FL,8/12/2006 12:21:21 AM
County(CountyCode),410,	025,Brantley,GA,8/12/2006 12:21:21 AM
County(CountyCode),674,	025,Camas,ID,8/12/2006 12:21:21 AM
County(CountyCode),2681,	025,Bee,TX,8/12/2006 12:21:21 AM
County(CountyCode),1017,	025,Breathitt,KY,8/12/2006 12:21:21 AM
County(CountyCode),575,	025,Calhoun,IA,8/12/2006 12:21:21 AM
County(CountyCode),1578,	025,Clay,MS,8/12/2006 12:21:21 AM
County(CountyCode),1660,	025,Fallon,MT,8/12/2006 12:21:21 AM
County(CountyCode),2474,	025,Chesterfield,SC,8/12/2006 12:21:21 AM
County(CountyCode),2374,	025,Caguas,PR,8/12/2006 12:21:21 AM
County(CountyCode),2307,	025,Carbon,PA,8/12/2006 12:21:21 AM
County(CountyCode),1288,	025,Calhoun,MI,8/12/2006 12:21:21 AM
County(CountyCode),1371,	025,Chisago,MN,8/12/2006 12:21:21 AM
County(CountyCode),718,	025,Clay,IL,8/12/2006 12:21:21 AM
County(CountyCode),3283,	025,Natrona,WY,8/12/2006 12:21:21 AM
County(CountyCode),2044,	025,Delaware,NY,8/12/2006 12:21:21 AM
County(CountyCode),1870,	025,Cass,NE,8/12/2006 12:21:21 AM
County(CountyCode),109,	025,Cleveland,AR,8/12/2006 12:21:21 AM
County(CountyCode),190,	025,Yavapai,AZ,8/12/2006 12:21:21 AM
County(CountyCode),2935,	025,Kane,UT,8/12/2006 12:21:21 AM
County(CountyCode),2964,	025,Brunswick,VA,8/12/2006 12:21:21 AM
County(CountyCode),43,	027,Clay,AL,8/12/2006 12:21:21 AM
County(CountyCode),913,	027,Clay,KS,8/12/2006 12:21:21 AM
County(CountyCode),110,	027,Columbia,AR,8/12/2006 12:21:21 AM
County(CountyCode),1215,	027,Howard,MD,8/12/2006 12:21:21 AM
County(CountyCode),2107,	027,Clinton,OH,8/12/2006 12:21:21 AM
County(CountyCode),1871,	027,Cedar,NE,8/12/2006 12:21:21 AM
County(CountyCode),2027,	027,Pershing,NV,8/12/2006 12:21:21 AM
County(CountyCode),2045,	027,Dutchess,NY,8/12/2006 12:21:21 AM
County(CountyCode),1459,	027,Callaway,MO,8/12/2006 12:21:21 AM
County(CountyCode),2587,	027,Clay,TN,8/12/2006 12:21:21 AM
County(CountyCode),3157,	027,Dodge,WI,8/12/2006 12:21:21 AM
County(CountyCode),2520,	027,Clay,SD,8/12/2006 12:21:21 AM
County(CountyCode),2195,	027,Cleveland,OK,8/12/2006 12:21:21 AM
County(CountyCode),3118,	027,Grays Harbor,WA,8/12/2006 12:21:21 AM
County(CountyCode),821,	027,Daviess,IN,8/12/2006 12:21:21 AM
County(CountyCode),205,	027,Inyo,CA,8/12/2006 12:21:21 AM
County(CountyCode),264,	027,Custer,CO,8/12/2006 12:21:21 AM
County(CountyCode),191,	027,Yuma,AZ,8/12/2006 12:21:21 AM
County(CountyCode),3104,	027,Windsor,VT,8/12/2006 12:21:21 AM
County(CountyCode),2308,	027,Centre,PA,8/12/2006 12:21:21 AM
County(CountyCode),2375,	027,Camuy,PR,8/12/2006 12:21:21 AM
County(CountyCode),2682,	027,Bell,TX,8/12/2006 12:21:21 AM
County(CountyCode),1018,	027,Breckinridge,KY,8/12/2006 12:21:21 AM
County(CountyCode),576,	027,Carroll,IA,8/12/2006 12:21:21 AM
County(CountyCode),1579,	027,Coahoma,MS,8/12/2006 12:21:21 AM
County(CountyCode),1661,	027,Fergus,MT,8/12/2006 12:21:21 AM
County(CountyCode),2475,	027,Clarendon,SC,8/12/2006 12:21:21 AM
County(CountyCode),1289,	027,Cass,MI,8/12/2006 12:21:21 AM
County(CountyCode),1372,	027,Clay,MN,8/12/2006 12:21:21 AM
County(CountyCode),719,	027,Clinton,IL,8/12/2006 12:21:21 AM
County(CountyCode),411,	027,Brooks,GA,8/12/2006 12:21:21 AM
County(CountyCode),675,	027,Canyon,ID,8/12/2006 12:21:21 AM
County(CountyCode),2936,	027,Millard,UT,8/12/2006 12:21:21 AM
County(CountyCode),2965,	027,Buchanan,VA,8/12/2006 12:21:21 AM
County(CountyCode),339,	027,De Soto,FL,8/12/2006 12:21:21 AM
County(CountyCode),1974,	027,Morris,NJ,8/12/2006 12:21:21 AM
County(CountyCode),1996,	027,Lincoln,NM,8/12/2006 12:21:21 AM
County(CountyCode),3284,	027,Niobrara,WY,8/12/2006 12:21:21 AM
County(CountyCode),2272,	027,Hood River,OR,8/12/2006 12:21:21 AM
County(CountyCode),1138,	027,Claiborne,LA,8/12/2006 12:21:21 AM
County(CountyCode),1202,	027,Worcester,MA,8/12/2006 12:21:21 AM
County(CountyCode),1240,	027,Waldo,ME,8/12/2006 12:21:21 AM
County(CountyCode),3229,	027,Hampshire,WV,8/12/2006 12:21:21 AM
County(CountyCode),1718,	027,Caldwell,NC,8/12/2006 12:21:21 AM
County(CountyCode),1818,	027,Eddy,ND,8/12/2006 12:21:21 AM
County(CountyCode),1997,	028,Los Alamos,NM,8/12/2006 12:21:21 AM
County(CountyCode),265,	029,Delta,CO,8/12/2006 12:21:21 AM
County(CountyCode),111,	029,Conway,AR,8/12/2006 12:21:21 AM
County(CountyCode),1216,	029,Kent,MD,8/12/2006 12:21:21 AM
County(CountyCode),1241,	029,Washington,ME,8/12/2006 12:21:21 AM
County(CountyCode),2108,	029,Columbiana,OH,8/12/2006 12:21:21 AM
County(CountyCode),1139,	029,Concordia,LA,8/12/2006 12:21:21 AM
County(CountyCode),1373,	029,Clearwater,MN,8/12/2006 12:21:21 AM
County(CountyCode),1872,	029,Chase,NE,8/12/2006 12:21:21 AM
County(CountyCode),2273,	029,Jackson,OR,8/12/2006 12:21:21 AM
County(CountyCode),2028,	029,Storey,NV,8/12/2006 12:21:21 AM
County(CountyCode),2046,	029,Erie,NY,8/12/2006 12:21:21 AM
County(CountyCode),3230,	029,Hancock,WV,8/12/2006 12:21:21 AM
County(CountyCode),2196,	029,Coal,OK,8/12/2006 12:21:21 AM
County(CountyCode),822,	029,Dearborn,IN,8/12/2006 12:21:21 AM
County(CountyCode),206,	029,Kern,CA,8/12/2006 12:21:21 AM
County(CountyCode),1819,	029,Emmons,ND,8/12/2006 12:21:21 AM
County(CountyCode),2309,	029,Chester,PA,8/12/2006 12:21:21 AM
County(CountyCode),3119,	029,Island,WA,8/12/2006 12:21:21 AM
County(CountyCode),3158,	029,Door,WI,8/12/2006 12:21:21 AM
County(CountyCode),2521,	029,Codington,SD,8/12/2006 12:21:21 AM
County(CountyCode),2588,	029,Cocke,TN,8/12/2006 12:21:21 AM
County(CountyCode),1975,	029,Ocean,NJ,8/12/2006 12:21:21 AM
County(CountyCode),1998,	029,Luna,NM,8/12/2006 12:21:21 AM
County(CountyCode),1580,	029,Copiah,MS,8/12/2006 12:21:21 AM
County(CountyCode),720,	029,Coles,IL,8/12/2006 12:21:21 AM
County(CountyCode),1290,	029,Charlevoix,MI,8/12/2006 12:21:21 AM
County(CountyCode),1662,	029,Flathead,MT,8/12/2006 12:21:21 AM
County(CountyCode),2476,	029,Colleton,SC,8/12/2006 12:21:21 AM
County(CountyCode),2376,	029,Canovanas,PR,8/12/2006 12:21:21 AM
County(CountyCode),412,	029,Bryan,GA,8/12/2006 12:21:21 AM
County(CountyCode),676,	029,Caribou,ID,8/12/2006 12:21:21 AM
County(CountyCode),2937,	029,Morgan,UT,8/12/2006 12:21:21 AM
County(CountyCode),2966,	029,Buckingham,VA,8/12/2006 12:21:21 AM
County(CountyCode),340,	029,Dixie,FL,8/12/2006 12:21:21 AM
County(CountyCode),577,	029,Cass,IA,8/12/2006 12:21:21 AM
County(CountyCode),2683,	029,Bexar,TX,8/12/2006 12:21:21 AM
County(CountyCode),3285,	029,Park,WY,8/12/2006 12:21:21 AM
County(CountyCode),1460,	029,Camden,MO,8/12/2006 12:21:21 AM
County(CountyCode),1019,	029,Bullitt,KY,8/12/2006 12:21:21 AM
County(CountyCode),914,	029,Cloud,KS,8/12/2006 12:21:21 AM
County(CountyCode),44,	029,Cleburne,AL,8/12/2006 12:21:21 AM
County(CountyCode),1719,	029,Camden,NC,8/12/2006 12:21:21 AM
County(CountyCode),1245,	030,Ailuk,MH,8/12/2006 12:21:21 AM
County(CountyCode),3090,	030,St. Thomas,VI,8/12/2006 12:21:21 AM
County(CountyCode),174,	030,Rose Island,AS,8/12/2006 12:21:21 AM
County(CountyCode),1242,	031,York,ME,8/12/2006 12:21:21 AM
County(CountyCode),1140,	031,De Soto,LA,8/12/2006 12:21:21 AM
County(CountyCode),1461,	031,Cape Girardeau,MO,8/12/2006 12:21:21 AM
County(CountyCode),2589,	031,Coffee,TN,8/12/2006 12:21:21 AM
County(CountyCode),3231,	031,Hardy,WV,8/12/2006 12:21:21 AM
County(CountyCode),3159,	031,Douglas,WI,8/12/2006 12:21:21 AM
County(CountyCode),2522,	031,Corson,SD,8/12/2006 12:21:21 AM
County(CountyCode),2197,	031,Comanche,OK,8/12/2006 12:21:21 AM
County(CountyCode),3120,	031,Jefferson,WA,8/12/2006 12:21:21 AM
County(CountyCode),207,	031,Kings,CA,8/12/2006 12:21:21 AM
County(CountyCode),266,	031,Denver,CO,8/12/2006 12:21:21 AM
County(CountyCode),1820,	031,Foster,ND,8/12/2006 12:21:21 AM
County(CountyCode),1720,	031,Carteret,NC,8/12/2006 12:21:21 AM
County(CountyCode),915,	031,Coffey,KS,8/12/2006 12:21:21 AM
County(CountyCode),112,	031,Craighead,AR,8/12/2006 12:21:21 AM
County(CountyCode),1999,	031,Mckinley,NM,8/12/2006 12:21:21 AM
County(CountyCode),1663,	031,Gallatin,MT,8/12/2006 12:21:21 AM
County(CountyCode),341,	031,Duval,FL,8/12/2006 12:21:21 AM
County(CountyCode),413,	031,Bulloch,GA,8/12/2006 12:21:21 AM
County(CountyCode),677,	031,Cassia,ID,8/12/2006 12:21:21 AM
County(CountyCode),1374,	031,Cook,MN,8/12/2006 12:21:21 AM
County(CountyCode),2477,	031,Darlington,SC,8/12/2006 12:21:21 AM
County(CountyCode),2684,	031,Blanco,TX,8/12/2006 12:21:21 AM
County(CountyCode),1020,	031,Butler,KY,8/12/2006 12:21:21 AM
County(CountyCode),578,	031,Cedar,IA,8/12/2006 12:21:21 AM
County(CountyCode),1581,	031,Covington,MS,8/12/2006 12:21:21 AM
County(CountyCode),2377,	031,Carolina,PR,8/12/2006 12:21:21 AM
County(CountyCode),1291,	031,Cheboygan,MI,8/12/2006 12:21:21 AM
County(CountyCode),2274,	031,Jefferson,OR,8/12/2006 12:21:21 AM
County(CountyCode),721,	031,Cook,IL,8/12/2006 12:21:21 AM
County(CountyCode),2967,	031,Campbell,VA,8/12/2006 12:21:21 AM
County(CountyCode),2029,	031,Washoe,NV,8/12/2006 12:21:21 AM
County(CountyCode),2047,	031,Essex,NY,8/12/2006 12:21:21 AM
County(CountyCode),1873,	031,Cherry,NE,8/12/2006 12:21:21 AM
County(CountyCode),1217,	031,Montgomery,MD,8/12/2006 12:21:21 AM
County(CountyCode),45,	031,Coffee,AL,8/12/2006 12:21:21 AM
County(CountyCode),2310,	031,Clarion,PA,8/12/2006 12:21:21 AM
County(CountyCode),823,	031,Decatur,IN,8/12/2006 12:21:21 AM
County(CountyCode),2109,	031,Coshocton,OH,8/12/2006 12:21:21 AM
County(CountyCode),3286,	031,Platte,WY,8/12/2006 12:21:21 AM
County(CountyCode),2938,	031,Piute,UT,8/12/2006 12:21:21 AM
County(CountyCode),1976,	031,Passaic,NJ,8/12/2006 12:21:21 AM
County(CountyCode),1218,	033,Prince George'S,MD,8/12/2006 12:21:21 AM
County(CountyCode),2110,	033,Crawford,OH,8/12/2006 12:21:21 AM
County(CountyCode),1141,	033,East Baton Rouge,LA,8/12/2006 12:21:21 AM
County(CountyCode),2030,	033,White Pine,NV,8/12/2006 12:21:21 AM
County(CountyCode),2048,	033,Franklin,NY,8/12/2006 12:21:21 AM
County(CountyCode),3232,	033,Harrison,WV,8/12/2006 12:21:21 AM
County(CountyCode),2000,	033,Mora,NM,8/12/2006 12:21:21 AM
County(CountyCode),2590,	033,Crockett,TN,8/12/2006 12:21:21 AM
County(CountyCode),3160,	033,Dunn,WI,8/12/2006 12:21:21 AM
County(CountyCode),2523,	033,Custer,SD,8/12/2006 12:21:21 AM
County(CountyCode),3121,	033,King,WA,8/12/2006 12:21:21 AM
County(CountyCode),824,	033,De Kalb,IN,8/12/2006 12:21:21 AM
County(CountyCode),208,	033,Lake,CA,8/12/2006 12:21:21 AM
County(CountyCode),267,	033,Dolores,CO,8/12/2006 12:21:21 AM
County(CountyCode),2311,	033,Clearfield,PA,8/12/2006 12:21:21 AM
County(CountyCode),46,	033,Colbert,AL,8/12/2006 12:21:21 AM
County(CountyCode),1721,	033,Caswell,NC,8/12/2006 12:21:21 AM
County(CountyCode),916,	033,Comanche,KS,8/12/2006 12:21:21 AM
County(CountyCode),2198,	033,Cotton,OK,8/12/2006 12:21:21 AM
County(CountyCode),2378,	033,Catano,PR,8/12/2006 12:21:21 AM
County(CountyCode),2685,	033,Borden,TX,8/12/2006 12:21:21 AM
County(CountyCode),1021,	033,Caldwell,KY,8/12/2006 12:21:21 AM
County(CountyCode),579,	033,Cerro Gordo,IA,8/12/2006 12:21:21 AM
County(CountyCode),1582,	033,De Soto,MS,8/12/2006 12:21:21 AM
County(CountyCode),1664,	033,Garfield,MT,8/12/2006 12:21:21 AM
County(CountyCode),2478,	033,Dillon,SC,8/12/2006 12:21:21 AM
County(CountyCode),1292,	033,Chippewa,MI,8/12/2006 12:21:21 AM
County(CountyCode),1375,	033,Cottonwood,MN,8/12/2006 12:21:21 AM
County(CountyCode),1874,	033,Cheyenne,NE,8/12/2006 12:21:21 AM
County(CountyCode),2275,	033,Josephine,OR,8/12/2006 12:21:21 AM
County(CountyCode),1462,	033,Carroll,MO,8/12/2006 12:21:21 AM
County(CountyCode),722,	033,Crawford,IL,8/12/2006 12:21:21 AM
County(CountyCode),414,	033,Burke,GA,8/12/2006 12:21:21 AM
County(CountyCode),678,	033,Clark,ID,8/12/2006 12:21:21 AM
County(CountyCode),2939,	033,Rich,UT,8/12/2006 12:21:21 AM
County(CountyCode),342,	033,Escambia,FL,8/12/2006 12:21:21 AM
County(CountyCode),3287,	033,Sheridan,WY,8/12/2006 12:21:21 AM
County(CountyCode),113,	033,Crawford,AR,8/12/2006 12:21:21 AM
County(CountyCode),2968,	033,Caroline,VA,8/12/2006 12:21:21 AM
County(CountyCode),1821,	033,Golden Valley,ND,8/12/2006 12:21:21 AM
County(CountyCode),1977,	033,Salem,NJ,8/12/2006 12:21:21 AM
County(CountyCode),1219,	035,Queen Anne'S,MD,8/12/2006 12:21:21 AM
County(CountyCode),2111,	035,Cuyahoga,OH,8/12/2006 12:21:21 AM
County(CountyCode),2001,	035,Otero,NM,8/12/2006 12:21:21 AM
County(CountyCode),2049,	035,Fulton,NY,8/12/2006 12:21:21 AM
County(CountyCode),2591,	035,Cumberland,TN,8/12/2006 12:21:21 AM
County(CountyCode),3161,	035,Eau Claire,WI,8/12/2006 12:21:21 AM
County(CountyCode),2199,	035,Craig,OK,8/12/2006 12:21:21 AM
County(CountyCode),825,	035,Delaware,IN,8/12/2006 12:21:21 AM
County(CountyCode),209,	035,Lassen,CA,8/12/2006 12:21:21 AM
County(CountyCode),1822,	035,Grand Forks,ND,8/12/2006 12:21:21 AM
County(CountyCode),2312,	035,Clinton,PA,8/12/2006 12:21:21 AM
County(CountyCode),47,	035,Conecuh,AL,8/12/2006 12:21:21 AM
County(CountyCode),917,	035,Cowley,KS,8/12/2006 12:21:21 AM
County(CountyCode),114,	035,Crittenden,AR,8/12/2006 12:21:21 AM
County(CountyCode),723,	035,Cumberland,IL,8/12/2006 12:21:21 AM
County(CountyCode),580,	035,Cherokee,IA,8/12/2006 12:21:21 AM
County(CountyCode),1583,	035,Forrest,MS,8/12/2006 12:21:21 AM
County(CountyCode),1665,	035,Glacier,MT,8/12/2006 12:21:21 AM
County(CountyCode),2479,	035,Dorchester,SC,8/12/2006 12:21:21 AM
County(CountyCode),2379,	035,Cayey,PR,8/12/2006 12:21:21 AM
County(CountyCode),1293,	035,Clare,MI,8/12/2006 12:21:21 AM
County(CountyCode),1376,	035,Crow Wing,MN,8/12/2006 12:21:21 AM
County(CountyCode),1875,	035,Clay,NE,8/12/2006 12:21:21 AM
County(CountyCode),1463,	035,Carter,MO,8/12/2006 12:21:21 AM
County(CountyCode),343,	035,Flagler,FL,8/12/2006 12:21:21 AM
County(CountyCode),415,	035,Butts,GA,8/12/2006 12:21:21 AM
County(CountyCode),679,	035,Clearwater,ID,8/12/2006 12:21:21 AM
County(CountyCode),2940,	035,Salt Lake,UT,8/12/2006 12:21:21 AM
County(CountyCode),2969,	035,Carroll,VA,8/12/2006 12:21:21 AM
County(CountyCode),1022,	035,Calloway,KY,8/12/2006 12:21:21 AM
County(CountyCode),2686,	035,Bosque,TX,8/12/2006 12:21:21 AM
County(CountyCode),1978,	035,Somerset,NJ,8/12/2006 12:21:21 AM
County(CountyCode),3288,	035,Sublette,WY,8/12/2006 12:21:21 AM
County(CountyCode),2276,	035,Klamath,OR,8/12/2006 12:21:21 AM
County(CountyCode),1142,	035,East Carroll,LA,8/12/2006 12:21:21 AM
County(CountyCode),268,	035,Douglas,CO,8/12/2006 12:21:21 AM
County(CountyCode),3233,	035,Jackson,WV,8/12/2006 12:21:21 AM
County(CountyCode),1722,	035,Catawba,NC,8/12/2006 12:21:21 AM
County(CountyCode),3122,	035,Kitsap,WA,8/12/2006 12:21:21 AM
County(CountyCode),2524,	035,Davison,SD,8/12/2006 12:21:21 AM
County(CountyCode),2970,	036,Charles City,VA,8/12/2006 12:21:21 AM
County(CountyCode),115,	037,Cross,AR,8/12/2006 12:21:21 AM
County(CountyCode),1220,	037,St Mary'S,MD,8/12/2006 12:21:21 AM
County(CountyCode),1143,	037,East Feliciana,LA,8/12/2006 12:21:21 AM
County(CountyCode),2002,	037,Quay,NM,8/12/2006 12:21:21 AM
County(CountyCode),2050,	037,Genesee,NY,8/12/2006 12:21:21 AM
County(CountyCode),3234,	037,Jefferson,WV,8/12/2006 12:21:21 AM
County(CountyCode),2592,	037,Davidson,TN,8/12/2006 12:21:21 AM
County(CountyCode),2525,	037,Day,SD,8/12/2006 12:21:21 AM
County(CountyCode),2200,	037,Creek,OK,8/12/2006 12:21:21 AM
County(CountyCode),3123,	037,Kittitas,WA,8/12/2006 12:21:21 AM
County(CountyCode),826,	037,Dubois,IN,8/12/2006 12:21:21 AM
County(CountyCode),210,	037,Los Angeles,CA,8/12/2006 12:21:21 AM
County(CountyCode),269,	037,Eagle,CO,8/12/2006 12:21:21 AM
County(CountyCode),1823,	037,Grant,ND,8/12/2006 12:21:21 AM
County(CountyCode),1723,	037,Chatham,NC,8/12/2006 12:21:21 AM
County(CountyCode),1979,	037,Sussex,NJ,8/12/2006 12:21:21 AM
County(CountyCode),1584,	037,Franklin,MS,8/12/2006 12:21:21 AM
County(CountyCode),1294,	037,Clinton,MI,8/12/2006 12:21:21 AM
County(CountyCode),1377,	037,Dakota,MN,8/12/2006 12:21:21 AM
County(CountyCode),2687,	037,Bowie,TX,8/12/2006 12:21:21 AM
County(CountyCode),2313,	037,Columbia,PA,8/12/2006 12:21:21 AM
County(CountyCode),1023,	037,Campbell,KY,8/12/2006 12:21:21 AM
County(CountyCode),1666,	037,Golden Valley,MT,8/12/2006 12:21:21 AM
County(CountyCode),2480,	037,Edgefield,SC,8/12/2006 12:21:21 AM
County(CountyCode),2380,	037,Ceiba,PR,8/12/2006 12:21:21 AM
County(CountyCode),2277,	037,Lake,OR,8/12/2006 12:21:21 AM
County(CountyCode),724,	037,De Kalb,IL,8/12/2006 12:21:21 AM
County(CountyCode),344,	037,Franklin,FL,8/12/2006 12:21:21 AM
County(CountyCode),416,	037,Calhoun,GA,8/12/2006 12:21:21 AM
County(CountyCode),680,	037,Custer,ID,8/12/2006 12:21:21 AM
County(CountyCode),2941,	037,San Juan,UT,8/12/2006 12:21:21 AM
County(CountyCode),2971,	037,Charlotte,VA,8/12/2006 12:21:21 AM
County(CountyCode),581,	037,Chickasaw,IA,8/12/2006 12:21:21 AM
County(CountyCode),1464,	037,Cass,MO,8/12/2006 12:21:21 AM
County(CountyCode),1876,	037,Colfax,NE,8/12/2006 12:21:21 AM
County(CountyCode),918,	037,Crawford,KS,8/12/2006 12:21:21 AM
County(CountyCode),48,	037,Coosa,AL,8/12/2006 12:21:21 AM
County(CountyCode),2112,	037,Darke,OH,8/12/2006 12:21:21 AM
County(CountyCode),3289,	037,Sweetwater,WY,8/12/2006 12:21:21 AM
County(CountyCode),3162,	037,Florence,WI,8/12/2006 12:21:21 AM
County(CountyCode),116,	039,Dallas,AR,8/12/2006 12:21:21 AM
County(CountyCode),2201,	039,Custer,OK,8/12/2006 12:21:21 AM
County(CountyCode),1144,	039,Evangeline,LA,8/12/2006 12:21:21 AM
County(CountyCode),3235,	039,Kanawha,WV,8/12/2006 12:21:21 AM
County(CountyCode),2593,	039,Decatur,TN,8/12/2006 12:21:21 AM
County(CountyCode),3163,	039,Fond Du Lac,WI,8/12/2006 12:21:21 AM
County(CountyCode),2526,	039,Deuel,SD,8/12/2006 12:21:21 AM
County(CountyCode),3124,	039,Klickitat,WA,8/12/2006 12:21:21 AM
County(CountyCode),211,	039,Madera,CA,8/12/2006 12:21:21 AM
County(CountyCode),270,	039,Elbert,CO,8/12/2006 12:21:21 AM
County(CountyCode),1824,	039,Griggs,ND,8/12/2006 12:21:21 AM
County(CountyCode),49,	039,Covington,AL,8/12/2006 12:21:21 AM
County(CountyCode),1724,	039,Cherokee,NC,8/12/2006 12:21:21 AM
County(CountyCode),919,	039,Decatur,KS,8/12/2006 12:21:21 AM
County(CountyCode),1980,	039,Union,NJ,8/12/2006 12:21:21 AM
County(CountyCode),1667,	039,Granite,MT,8/12/2006 12:21:21 AM
County(CountyCode),345,	039,Gadsden,FL,8/12/2006 12:21:21 AM
County(CountyCode),417,	039,Camden,GA,8/12/2006 12:21:21 AM
County(CountyCode),681,	039,Elmore,ID,8/12/2006 12:21:21 AM
County(CountyCode),2381,	039,Ciales,PR,8/12/2006 12:21:21 AM
County(CountyCode),2481,	039,Fairfield,SC,8/12/2006 12:21:21 AM
County(CountyCode),2688,	039,Brazoria,TX,8/12/2006 12:21:21 AM
County(CountyCode),1024,	039,Carlisle,KY,8/12/2006 12:21:21 AM
County(CountyCode),582,	039,Clarke,IA,8/12/2006 12:21:21 AM
County(CountyCode),1585,	039,George,MS,8/12/2006 12:21:21 AM
County(CountyCode),1295,	039,Crawford,MI,8/12/2006 12:21:21 AM
County(CountyCode),1378,	039,Dodge,MN,8/12/2006 12:21:21 AM
County(CountyCode),1877,	039,Cuming,NE,8/12/2006 12:21:21 AM
County(CountyCode),2278,	039,Lane,OR,8/12/2006 12:21:21 AM
County(CountyCode),1465,	039,Cedar,MO,8/12/2006 12:21:21 AM
County(CountyCode),725,	039,De Witt,IL,8/12/2006 12:21:21 AM
County(CountyCode),2314,	039,Crawford,PA,8/12/2006 12:21:21 AM
County(CountyCode),3290,	039,Teton,WY,8/12/2006 12:21:21 AM
County(CountyCode),2003,	039,Rio Arriba,NM,8/12/2006 12:21:21 AM
County(CountyCode),2051,	039,Greene,NY,8/12/2006 12:21:21 AM
County(CountyCode),1221,	039,Somerset,MD,8/12/2006 12:21:21 AM
County(CountyCode),827,	039,Elkhart,IN,8/12/2006 12:21:21 AM
County(CountyCode),2942,	039,Sanpete,UT,8/12/2006 12:21:21 AM
County(CountyCode),2113,	039,Defiance,OH,8/12/2006 12:21:21 AM
County(CountyCode),175,	040,Swains Island,AS,8/12/2006 12:21:21 AM
County(CountyCode),1246,	040,Arno,MH,8/12/2006 12:21:21 AM
County(CountyCode),395,	040,Ponape,FM,8/12/2006 12:21:21 AM
County(CountyCode),2052,	041,Hamilton,NY,8/12/2006 12:21:21 AM
County(CountyCode),2594,	041,DeKalb,TN,1/8/2016 12:00:00 AM
County(CountyCode),2527,	041,Dewey,SD,8/12/2006 12:21:21 AM
County(CountyCode),2202,	041,Delaware,OK,8/12/2006 12:21:21 AM
County(CountyCode),3125,	041,Lewis,WA,8/12/2006 12:21:21 AM
County(CountyCode),828,	041,Fayette,IN,8/12/2006 12:21:21 AM
County(CountyCode),212,	041,Marin,CA,8/12/2006 12:21:21 AM
County(CountyCode),271,	041,El Paso,CO,8/12/2006 12:21:21 AM
County(CountyCode),50,	041,Crenshaw,AL,8/12/2006 12:21:21 AM
County(CountyCode),1725,	041,Chowan,NC,8/12/2006 12:21:21 AM
County(CountyCode),920,	041,Dickinson,KS,8/12/2006 12:21:21 AM
County(CountyCode),1222,	041,Talbot,MD,8/12/2006 12:21:21 AM
County(CountyCode),2114,	041,Delaware,OH,8/12/2006 12:21:21 AM
County(CountyCode),1145,	041,Franklin,LA,8/12/2006 12:21:21 AM
County(CountyCode),2689,	041,Brazos,TX,8/12/2006 12:21:21 AM
County(CountyCode),2315,	041,Cumberland,PA,8/12/2006 12:21:21 AM
County(CountyCode),1025,	041,Carroll,KY,8/12/2006 12:21:21 AM
County(CountyCode),583,	041,Clay,IA,8/12/2006 12:21:21 AM
County(CountyCode),1586,	041,Greene,MS,8/12/2006 12:21:21 AM
County(CountyCode),1668,	041,Hill,MT,8/12/2006 12:21:21 AM
County(CountyCode),2482,	041,Florence,SC,8/12/2006 12:21:21 AM
County(CountyCode),1379,	041,Douglas,MN,8/12/2006 12:21:21 AM
County(CountyCode),2382,	041,Cidra,PR,8/12/2006 12:21:21 AM
County(CountyCode),1296,	041,Delta,MI,8/12/2006 12:21:21 AM
County(CountyCode),1878,	041,Custer,NE,8/12/2006 12:21:21 AM
County(CountyCode),2279,	041,Lincoln,OR,8/12/2006 12:21:21 AM
County(CountyCode),1466,	041,Chariton,MO,8/12/2006 12:21:21 AM
County(CountyCode),2004,	041,Roosevelt,NM,8/12/2006 12:21:21 AM
County(CountyCode),682,	041,Franklin,ID,8/12/2006 12:21:21 AM
County(CountyCode),726,	041,Douglas,IL,8/12/2006 12:21:21 AM
County(CountyCode),346,	041,Gilchrist,FL,8/12/2006 12:21:21 AM
County(CountyCode),2943,	041,Sevier,UT,8/12/2006 12:21:21 AM
County(CountyCode),3291,	041,Uinta,WY,8/12/2006 12:21:21 AM
County(CountyCode),117,	041,Desha,AR,8/12/2006 12:21:21 AM
County(CountyCode),3236,	041,Lewis,WV,8/12/2006 12:21:21 AM
County(CountyCode),2972,	041,Chesterfield,VA,8/12/2006 12:21:21 AM
County(CountyCode),1825,	041,Hettinger,ND,8/12/2006 12:21:21 AM
County(CountyCode),3164,	041,Forest,WI,8/12/2006 12:21:21 AM
County(CountyCode),1981,	041,Warren,NJ,8/12/2006 12:21:21 AM
County(CountyCode),2053,	043,Herkimer,NY,8/12/2006 12:21:21 AM
County(CountyCode),3237,	043,Lincoln,WV,8/12/2006 12:21:21 AM
County(CountyCode),2595,	043,Dickson,TN,8/12/2006 12:21:21 AM
County(CountyCode),3165,	043,Grant,WI,8/12/2006 12:21:21 AM
County(CountyCode),2203,	043,Dewey,OK,8/12/2006 12:21:21 AM
County(CountyCode),829,	043,Floyd,IN,8/12/2006 12:21:21 AM
County(CountyCode),213,	043,Mariposa,CA,8/12/2006 12:21:21 AM
County(CountyCode),1826,	043,Kidder,ND,8/12/2006 12:21:21 AM
County(CountyCode),118,	043,Drew,AR,8/12/2006 12:21:21 AM
County(CountyCode),1223,	043,Washington,MD,8/12/2006 12:21:21 AM
County(CountyCode),2115,	043,Erie,OH,8/12/2006 12:21:21 AM
County(CountyCode),727,	043,Du Page,IL,8/12/2006 12:21:21 AM
County(CountyCode),2316,	043,Dauphin,PA,8/12/2006 12:21:21 AM
County(CountyCode),1587,	043,Grenada,MS,8/12/2006 12:21:21 AM
County(CountyCode),1669,	043,Jefferson,MT,8/12/2006 12:21:21 AM
County(CountyCode),2483,	043,Georgetown,SC,8/12/2006 12:21:21 AM
County(CountyCode),1879,	043,Dakota,NE,8/12/2006 12:21:21 AM
County(CountyCode),1380,	043,Faribault,MN,8/12/2006 12:21:21 AM
County(CountyCode),2383,	043,Coamo,PR,8/12/2006 12:21:21 AM
County(CountyCode),1297,	043,Dickinson,MI,8/12/2006 12:21:21 AM
County(CountyCode),2005,	043,Sandoval,NM,8/12/2006 12:21:21 AM
County(CountyCode),683,	043,Fremont,ID,8/12/2006 12:21:21 AM
County(CountyCode),347,	043,Glades,FL,8/12/2006 12:21:21 AM
County(CountyCode),418,	043,Candler,GA,8/12/2006 12:21:21 AM
County(CountyCode),2944,	043,Summit,UT,8/12/2006 12:21:21 AM
County(CountyCode),2973,	043,Clarke,VA,8/12/2006 12:21:21 AM
County(CountyCode),1026,	043,Carter,KY,8/12/2006 12:21:21 AM
County(CountyCode),584,	043,Clayton,IA,8/12/2006 12:21:21 AM
County(CountyCode),2690,	043,Brewster,TX,8/12/2006 12:21:21 AM
County(CountyCode),3292,	043,Washakie,WY,8/12/2006 12:21:21 AM
County(CountyCode),51,	043,Cullman,AL,8/12/2006 12:21:21 AM
County(CountyCode),1467,	043,Christian,MO,8/12/2006 12:21:21 AM
County(CountyCode),2280,	043,Linn,OR,8/12/2006 12:21:21 AM
County(CountyCode),1146,	043,Grant,LA,8/12/2006 12:21:21 AM
County(CountyCode),921,	043,Doniphan,KS,8/12/2006 12:21:21 AM
County(CountyCode),272,	043,Fremont,CO,8/12/2006 12:21:21 AM
County(CountyCode),1726,	043,Clay,NC,8/12/2006 12:21:21 AM
County(CountyCode),3126,	043,Lincoln,WA,8/12/2006 12:21:21 AM
County(CountyCode),2528,	043,Douglas,SD,8/12/2006 12:21:21 AM
County(CountyCode),1147,	045,Iberia,LA,8/12/2006 12:21:21 AM
County(CountyCode),3238,	045,Logan,WV,8/12/2006 12:21:21 AM
County(CountyCode),2596,	045,Dyer,TN,8/12/2006 12:21:21 AM
County(CountyCode),3166,	045,Green,WI,8/12/2006 12:21:21 AM
County(CountyCode),2529,	045,Edmunds,SD,8/12/2006 12:21:21 AM
County(CountyCode),2204,	045,Ellis,OK,8/12/2006 12:21:21 AM
County(CountyCode),3127,	045,Mason,WA,8/12/2006 12:21:21 AM
County(CountyCode),214,	045,Mendocino,CA,8/12/2006 12:21:21 AM
County(CountyCode),273,	045,Garfield,CO,8/12/2006 12:21:21 AM
County(CountyCode),1827,	045,La Moure,ND,8/12/2006 12:21:21 AM
County(CountyCode),52,	045,Dale,AL,8/12/2006 12:21:21 AM
County(CountyCode),1727,	045,Cleveland,NC,8/12/2006 12:21:21 AM
County(CountyCode),922,	045,Douglas,KS,8/12/2006 12:21:21 AM
County(CountyCode),119,	045,Faulkner,AR,8/12/2006 12:21:21 AM
County(CountyCode),1224,	045,Wicomico,MD,8/12/2006 12:21:21 AM
County(CountyCode),348,	045,Gulf,FL,8/12/2006 12:21:21 AM
County(CountyCode),684,	045,Gem,ID,8/12/2006 12:21:21 AM
County(CountyCode),1298,	045,Eaton,MI,8/12/2006 12:21:21 AM
County(CountyCode),1381,	045,Fillmore,MN,8/12/2006 12:21:21 AM
County(CountyCode),1027,	045,Casey,KY,8/12/2006 12:21:21 AM
County(CountyCode),585,	045,Clinton,IA,8/12/2006 12:21:21 AM
County(CountyCode),2484,	045,Greenville,SC,8/12/2006 12:21:21 AM
County(CountyCode),1880,	045,Dawes,NE,8/12/2006 12:21:21 AM
County(CountyCode),2384,	045,Comerio,PR,8/12/2006 12:21:21 AM
County(CountyCode),2281,	045,Malheur,OR,8/12/2006 12:21:21 AM
County(CountyCode),1468,	045,Clark,MO,8/12/2006 12:21:21 AM
County(CountyCode),2006,	045,San Juan,NM,8/12/2006 12:21:21 AM
County(CountyCode),728,	045,Edgar,IL,8/12/2006 12:21:21 AM
County(CountyCode),419,	045,Carroll,GA,8/12/2006 12:21:21 AM
County(CountyCode),2974,	045,Craig,VA,8/12/2006 12:21:21 AM
County(CountyCode),2317,	045,Delaware,PA,8/12/2006 12:21:21 AM
County(CountyCode),3299,	045,Briscoe,TX,3/4/2014 12:00:00 PM
County(CountyCode),2054,	045,Jefferson,NY,8/12/2006 12:21:21 AM
County(CountyCode),830,	045,Fountain,IN,8/12/2006 12:21:21 AM
County(CountyCode),2116,	045,Fairfield,OH,8/12/2006 12:21:21 AM
County(CountyCode),3293,	045,Weston,WY,8/12/2006 12:21:21 AM
County(CountyCode),2945,	045,Tooele,UT,8/12/2006 12:21:21 AM
County(CountyCode),1588,	045,Hancock,MS,8/12/2006 12:21:21 AM
County(CountyCode),1670,	045,Judith Basin,MT,8/12/2006 12:21:21 AM
County(CountyCode),1148,	047,Iberville,LA,8/12/2006 12:21:21 AM
County(CountyCode),2055,	047,Kings,NY,8/12/2006 12:21:21 AM
County(CountyCode),3239,	047,Mcdowell,WV,8/12/2006 12:21:21 AM
County(CountyCode),2597,	047,Fayette,TN,8/12/2006 12:21:21 AM
County(CountyCode),2530,	047,Fall River,SD,8/12/2006 12:21:21 AM
County(CountyCode),3128,	047,Okanogan,WA,8/12/2006 12:21:21 AM
County(CountyCode),831,	047,Franklin,IN,8/12/2006 12:21:21 AM
County(CountyCode),215,	047,Merced,CA,8/12/2006 12:21:21 AM
County(CountyCode),274,	047,Gilpin,CO,8/12/2006 12:21:21 AM
County(CountyCode),1828,	047,Logan,ND,8/12/2006 12:21:21 AM
County(CountyCode),53,	047,Dallas,AL,8/12/2006 12:21:21 AM
County(CountyCode),1728,	047,Columbus,NC,8/12/2006 12:21:21 AM
County(CountyCode),923,	047,Edwards,KS,8/12/2006 12:21:21 AM
County(CountyCode),2117,	047,Fayette,OH,8/12/2006 12:21:21 AM
County(CountyCode),2385,	047,Corozal,PR,8/12/2006 12:21:21 AM
County(CountyCode),2485,	047,Greenwood,SC,8/12/2006 12:21:21 AM
County(CountyCode),2692,	047,Brooks,TX,8/12/2006 12:21:21 AM
County(CountyCode),2318,	047,Elk,PA,8/12/2006 12:21:21 AM
County(CountyCode),1028,	047,Christian,KY,8/12/2006 12:21:21 AM
County(CountyCode),586,	047,Crawford,IA,8/12/2006 12:21:21 AM
County(CountyCode),1589,	047,Harrison,MS,8/12/2006 12:21:21 AM
County(CountyCode),1671,	047,Lake,MT,8/12/2006 12:21:21 AM
County(CountyCode),1881,	047,Dawson,NE,8/12/2006 12:21:21 AM
County(CountyCode),1382,	047,Freeborn,MN,8/12/2006 12:21:21 AM
County(CountyCode),1299,	047,Emmet,MI,8/12/2006 12:21:21 AM
County(CountyCode),2282,	047,Marion,OR,8/12/2006 12:21:21 AM
County(CountyCode),1469,	047,Clay,MO,8/12/2006 12:21:21 AM
County(CountyCode),685,	047,Gooding,ID,8/12/2006 12:21:21 AM
County(CountyCode),729,	047,Edwards,IL,8/12/2006 12:21:21 AM
County(CountyCode),349,	047,Hamilton,FL,8/12/2006 12:21:21 AM
County(CountyCode),420,	047,Catoosa,GA,8/12/2006 12:21:21 AM
County(CountyCode),2946,	047,Uintah,UT,8/12/2006 12:21:21 AM
County(CountyCode),2975,	047,Culpeper,VA,8/12/2006 12:21:21 AM
County(CountyCode),2007,	047,San Miguel,NM,8/12/2006 12:21:21 AM
County(CountyCode),1225,	047,Worcester,MD,8/12/2006 12:21:21 AM
County(CountyCode),120,	047,Franklin,AR,8/12/2006 12:21:21 AM
County(CountyCode),2205,	047,Garfield,OK,8/12/2006 12:21:21 AM
County(CountyCode),3167,	047,Green Lake,WI,8/12/2006 12:21:21 AM
County(CountyCode),1149,	049,Jackson,LA,8/12/2006 12:21:21 AM
County(CountyCode),2056,	049,Lewis,NY,8/12/2006 12:21:21 AM
County(CountyCode),54,	049,De Kalb,AL,8/12/2006 12:21:21 AM
County(CountyCode),2598,	049,Fentress,TN,8/12/2006 12:21:21 AM
County(CountyCode),3168,	049,Iowa,WI,8/12/2006 12:21:21 AM
County(CountyCode),2531,	049,Faulk,SD,8/12/2006 12:21:21 AM
County(CountyCode),2206,	049,Garvin,OK,8/12/2006 12:21:21 AM
County(CountyCode),832,	049,Fulton,IN,8/12/2006 12:21:21 AM
County(CountyCode),924,	049,Elk,KS,8/12/2006 12:21:21 AM
County(CountyCode),121,	049,Fulton,AR,8/12/2006 12:21:21 AM
County(CountyCode),2118,	049,Franklin,OH,8/12/2006 12:21:21 AM
County(CountyCode),421,	049,Charlton,GA,8/12/2006 12:21:21 AM
County(CountyCode),2693,	049,Brown,TX,8/12/2006 12:21:21 AM
County(CountyCode),2319,	049,Erie,PA,8/12/2006 12:21:21 AM
County(CountyCode),1029,	049,Clark,KY,8/12/2006 12:21:21 AM
County(CountyCode),587,	049,Dallas,IA,8/12/2006 12:21:21 AM
County(CountyCode),1590,	049,Hinds,MS,8/12/2006 12:21:21 AM
County(CountyCode),1672,	049,Lewis And Clark,MT,8/12/2006 12:21:21 AM
County(CountyCode),2486,	049,Hampton,SC,8/12/2006 12:21:21 AM
County(CountyCode),1882,	049,Deuel,NE,8/12/2006 12:21:21 AM
County(CountyCode),1383,	049,Goodhue,MN,8/12/2006 12:21:21 AM
County(CountyCode),2386,	049,Culebra,PR,8/12/2006 12:21:21 AM
County(CountyCode),1300,	049,Genesee,MI,8/12/2006 12:21:21 AM
County(CountyCode),1470,	049,Clinton,MO,8/12/2006 12:21:21 AM
County(CountyCode),2008,	049,Santa Fe,NM,8/12/2006 12:21:21 AM
County(CountyCode),686,	049,Idaho,ID,8/12/2006 12:21:21 AM
County(CountyCode),730,	049,Effingham,IL,8/12/2006 12:21:21 AM
County(CountyCode),350,	049,Hardee,FL,8/12/2006 12:21:21 AM
County(CountyCode),2947,	049,Utah,UT,8/12/2006 12:21:21 AM
County(CountyCode),2283,	049,Morrow,OR,8/12/2006 12:21:21 AM
County(CountyCode),216,	049,Modoc,CA,8/12/2006 12:21:21 AM
County(CountyCode),275,	049,Grand,CO,8/12/2006 12:21:21 AM
County(CountyCode),3240,	049,Marion,WV,8/12/2006 12:21:21 AM
County(CountyCode),2976,	049,Cumberland,VA,8/12/2006 12:21:21 AM
County(CountyCode),1729,	049,Craven,NC,8/12/2006 12:21:21 AM
County(CountyCode),1829,	049,Mchenry,ND,8/12/2006 12:21:21 AM
County(CountyCode),3129,	049,Pacific,WA,8/12/2006 12:21:21 AM
County(CountyCode),396,	050,Truk,FM,8/12/2006 12:21:21 AM
County(CountyCode),176,	050,Western,AS,8/12/2006 12:21:21 AM
County(CountyCode),5,	050,Bethel (C),AK,8/12/2006 12:21:21 AM
County(CountyCode),1247,	050,Aur,MH,8/12/2006 12:21:21 AM
County(CountyCode),422,	051,Chatham,GA,8/12/2006 12:21:21 AM
County(CountyCode),2948,	051,Wasatch,UT,8/12/2006 12:21:21 AM
County(CountyCode),2977,	051,Dickenson,VA,8/12/2006 12:21:21 AM
County(CountyCode),1030,	051,Clay,KY,8/12/2006 12:21:21 AM
County(CountyCode),588,	051,Davis,IA,8/12/2006 12:21:21 AM
County(CountyCode),55,	051,Elmore,AL,8/12/2006 12:21:21 AM
County(CountyCode),1471,	051,Cole,MO,8/12/2006 12:21:21 AM
County(CountyCode),1150,	051,Jefferson,LA,8/12/2006 12:21:21 AM
County(CountyCode),925,	051,Ellis,KS,8/12/2006 12:21:21 AM
County(CountyCode),2532,	051,Grant,SD,8/12/2006 12:21:21 AM
County(CountyCode),2599,	051,Franklin,TN,8/12/2006 12:21:21 AM
County(CountyCode),1591,	051,Holmes,MS,8/12/2006 12:21:21 AM
County(CountyCode),351,	051,Hendry,FL,8/12/2006 12:21:21 AM
County(CountyCode),687,	051,Jefferson,ID,8/12/2006 12:21:21 AM
County(CountyCode),731,	051,Fayette,IL,8/12/2006 12:21:21 AM
County(CountyCode),1301,	051,Gladwin,MI,8/12/2006 12:21:21 AM
County(CountyCode),2694,	051,Burleson,TX,8/12/2006 12:21:21 AM
County(CountyCode),2320,	051,Fayette,PA,8/12/2006 12:21:21 AM
County(CountyCode),1673,	051,Liberty,MT,8/12/2006 12:21:21 AM
County(CountyCode),2487,	051,Horry,SC,8/12/2006 12:21:21 AM
County(CountyCode),1883,	051,Dixon,NE,8/12/2006 12:21:21 AM
County(CountyCode),1384,	051,Grant,MN,8/12/2006 12:21:21 AM
County(CountyCode),2387,	051,Dorado,PR,8/12/2006 12:21:21 AM
County(CountyCode),2284,	051,Multnomah,OR,8/12/2006 12:21:21 AM
County(CountyCode),2009,	051,Sierra,NM,8/12/2006 12:21:21 AM
County(CountyCode),2057,	051,Livingston,NY,8/12/2006 12:21:21 AM
County(CountyCode),3241,	051,Marshall,WV,8/12/2006 12:21:21 AM
County(CountyCode),3169,	051,Iron,WI,8/12/2006 12:21:21 AM
County(CountyCode),2207,	051,Grady,OK,8/12/2006 12:21:21 AM
County(CountyCode),3130,	051,Pend Oreille,WA,8/12/2006 12:21:21 AM
County(CountyCode),833,	051,Gibson,IN,8/12/2006 12:21:21 AM
County(CountyCode),217,	051,Mono,CA,8/12/2006 12:21:21 AM
County(CountyCode),276,	051,Gunnison,CO,8/12/2006 12:21:21 AM
County(CountyCode),1730,	051,Cumberland,NC,8/12/2006 12:21:21 AM
County(CountyCode),1830,	051,Mcintosh,ND,8/12/2006 12:21:21 AM
County(CountyCode),122,	051,Garland,AR,8/12/2006 12:21:21 AM
County(CountyCode),2119,	051,Fulton,OH,8/12/2006 12:21:21 AM
County(CountyCode),1731,	053,Currituck,NC,8/12/2006 12:21:21 AM
County(CountyCode),1831,	053,Mckenzie,ND,8/12/2006 12:21:21 AM
County(CountyCode),926,	053,Ellsworth,KS,8/12/2006 12:21:21 AM
County(CountyCode),123,	053,Grant,AR,8/12/2006 12:21:21 AM
County(CountyCode),1151,	053,Jefferson Davis,LA,8/12/2006 12:21:21 AM
County(CountyCode),1031,	053,Clinton,KY,8/12/2006 12:21:21 AM
County(CountyCode),589,	053,Decatur,IA,8/12/2006 12:21:21 AM
County(CountyCode),1592,	053,Humphreys,MS,8/12/2006 12:21:21 AM
County(CountyCode),1674,	053,Lincoln,MT,8/12/2006 12:21:21 AM
County(CountyCode),2488,	053,Jasper,SC,8/12/2006 12:21:21 AM
County(CountyCode),1884,	053,Dodge,NE,8/12/2006 12:21:21 AM
County(CountyCode),2388,	053,Fajardo,PR,8/12/2006 12:21:21 AM
County(CountyCode),1302,	053,Gogebic,MI,8/12/2006 12:21:21 AM
County(CountyCode),2285,	053,Polk,OR,8/12/2006 12:21:21 AM
County(CountyCode),1472,	053,Cooper,MO,8/12/2006 12:21:21 AM
County(CountyCode),2010,	053,Socorro,NM,8/12/2006 12:21:21 AM
County(CountyCode),3242,	053,Mason,WV,8/12/2006 12:21:21 AM
County(CountyCode),56,	053,Escambia,AL,8/12/2006 12:21:21 AM
County(CountyCode),2600,	053,Gibson,TN,8/12/2006 12:21:21 AM
County(CountyCode),3170,	053,Jackson,WI,8/12/2006 12:21:21 AM
County(CountyCode),2533,	053,Gregory,SD,8/12/2006 12:21:21 AM
County(CountyCode),3131,	053,Pierce,WA,8/12/2006 12:21:21 AM
County(CountyCode),218,	053,Monterey,CA,8/12/2006 12:21:21 AM
County(CountyCode),277,	053,Hinsdale,CO,8/12/2006 12:21:21 AM
County(CountyCode),688,	053,Jerome,ID,8/12/2006 12:21:21 AM
County(CountyCode),732,	053,Ford,IL,8/12/2006 12:21:21 AM
County(CountyCode),352,	053,Hernando,FL,8/12/2006 12:21:21 AM
County(CountyCode),423,	053,Chattahoochee,GA,8/12/2006 12:21:21 AM
County(CountyCode),2978,	053,Dinwiddie,VA,8/12/2006 12:21:21 AM
County(CountyCode),2695,	053,Burnet,TX,8/12/2006 12:21:21 AM
County(CountyCode),2321,	053,Forest,PA,8/12/2006 12:21:21 AM
County(CountyCode),2058,	053,Madison,NY,8/12/2006 12:21:21 AM
County(CountyCode),834,	053,Grant,IN,8/12/2006 12:21:21 AM
County(CountyCode),2120,	053,Gallia,OH,8/12/2006 12:21:21 AM
County(CountyCode),2949,	053,Washington,UT,8/12/2006 12:21:21 AM
County(CountyCode),2208,	053,Grant,OK,8/12/2006 12:21:21 AM
County(CountyCode),1385,	053,Hennepin,MN,8/12/2006 12:21:21 AM
County(CountyCode),2389,	054,Florida,PR,8/12/2006 12:21:21 AM
County(CountyCode),278,	055,Huerfano,CO,8/12/2006 12:21:21 AM
County(CountyCode),1732,	055,Dare,NC,8/12/2006 12:21:21 AM
County(CountyCode),1832,	055,Mclean,ND,8/12/2006 12:21:21 AM
County(CountyCode),927,	055,Finney,KS,8/12/2006 12:21:21 AM
County(CountyCode),2121,	055,Geauga,OH,8/12/2006 12:21:21 AM
County(CountyCode),1152,	055,Lafayette,LA,8/12/2006 12:21:21 AM
County(CountyCode),1032,	055,Crittenden,KY,8/12/2006 12:21:21 AM
County(CountyCode),1593,	055,Issaquena,MS,8/12/2006 12:21:21 AM
County(CountyCode),1885,	055,Douglas,NE,8/12/2006 12:21:21 AM
County(CountyCode),1386,	055,Houston,MN,8/12/2006 12:21:21 AM
County(CountyCode),2390,	055,Guanica,PR,8/12/2006 12:21:21 AM
County(CountyCode),1303,	055,Grand Traverse,MI,8/12/2006 12:21:21 AM
County(CountyCode),2286,	055,Sherman,OR,8/12/2006 12:21:21 AM
County(CountyCode),1473,	055,Crawford,MO,8/12/2006 12:21:21 AM
County(CountyCode),2059,	055,Monroe,NY,8/12/2006 12:21:21 AM
County(CountyCode),57,	055,Etowah,AL,8/12/2006 12:21:21 AM
County(CountyCode),2601,	055,Giles,TN,8/12/2006 12:21:21 AM
County(CountyCode),2534,	055,Haakon,SD,8/12/2006 12:21:21 AM
County(CountyCode),2209,	055,Greer,OK,8/12/2006 12:21:21 AM
County(CountyCode),3132,	055,San Juan,WA,8/12/2006 12:21:21 AM
County(CountyCode),835,	055,Greene,IN,8/12/2006 12:21:21 AM
County(CountyCode),219,	055,Napa,CA,8/12/2006 12:21:21 AM
County(CountyCode),689,	055,Kootenai,ID,8/12/2006 12:21:21 AM
County(CountyCode),733,	055,Franklin,IL,8/12/2006 12:21:21 AM
County(CountyCode),353,	055,Highlands,FL,8/12/2006 12:21:21 AM
County(CountyCode),2950,	055,Wayne,UT,8/12/2006 12:21:21 AM
County(CountyCode),2011,	055,Taos,NM,8/12/2006 12:21:21 AM
County(CountyCode),124,	055,Greene,AR,8/12/2006 12:21:21 AM
County(CountyCode),3243,	055,Mercer,WV,8/12/2006 12:21:21 AM
County(CountyCode),3171,	055,Jefferson,WI,8/12/2006 12:21:21 AM
County(CountyCode),1675,	055,Mccone,MT,8/12/2006 12:21:21 AM
County(CountyCode),424,	055,Chattooga,GA,8/12/2006 12:21:21 AM
County(CountyCode),2489,	055,Kershaw,SC,8/12/2006 12:21:21 AM
County(CountyCode),590,	055,Delaware,IA,8/12/2006 12:21:21 AM
County(CountyCode),2696,	055,Caldwell,TX,8/12/2006 12:21:21 AM
County(CountyCode),2322,	055,Franklin,PA,8/12/2006 12:21:21 AM
County(CountyCode),125,	057,Hempstead,AR,8/12/2006 12:21:21 AM
County(CountyCode),2122,	057,Greene,OH,8/12/2006 12:21:21 AM
County(CountyCode),1153,	057,Lafourche,LA,8/12/2006 12:21:21 AM
County(CountyCode),1594,	057,Itawamba,MS,8/12/2006 12:21:21 AM
County(CountyCode),1676,	057,Madison,MT,8/12/2006 12:21:21 AM
County(CountyCode),2490,	057,Lancaster,SC,8/12/2006 12:21:21 AM
County(CountyCode),1886,	057,Dundy,NE,8/12/2006 12:21:21 AM
County(CountyCode),1387,	057,Hubbard,MN,8/12/2006 12:21:21 AM
County(CountyCode),2391,	057,Guayama,PR,8/12/2006 12:21:21 AM
County(CountyCode),1304,	057,Gratiot,MI,8/12/2006 12:21:21 AM
County(CountyCode),2012,	057,Torrance,NM,8/12/2006 12:21:21 AM
County(CountyCode),2060,	057,Montgomery,NY,8/12/2006 12:21:21 AM
County(CountyCode),3244,	057,Mineral,WV,8/12/2006 12:21:21 AM
County(CountyCode),2602,	057,Grainger,TN,8/12/2006 12:21:21 AM
County(CountyCode),3172,	057,Juneau,WI,8/12/2006 12:21:21 AM
County(CountyCode),2210,	057,Harmon,OK,8/12/2006 12:21:21 AM
County(CountyCode),836,	057,Hamilton,IN,8/12/2006 12:21:21 AM
County(CountyCode),690,	057,Latah,ID,8/12/2006 12:21:21 AM
County(CountyCode),354,	057,Hillsborough,FL,8/12/2006 12:21:21 AM
County(CountyCode),425,	057,Cherokee,GA,8/12/2006 12:21:21 AM
County(CountyCode),2951,	057,Weber,UT,8/12/2006 12:21:21 AM
County(CountyCode),2979,	057,Essex,VA,8/12/2006 12:21:21 AM
County(CountyCode),1033,	057,Cumberland,KY,8/12/2006 12:21:21 AM
County(CountyCode),591,	057,Des Moines,IA,8/12/2006 12:21:21 AM
County(CountyCode),58,	057,Fayette,AL,8/12/2006 12:21:21 AM
County(CountyCode),1474,	057,Dade,MO,8/12/2006 12:21:21 AM
County(CountyCode),928,	057,Ford,KS,8/12/2006 12:21:21 AM
County(CountyCode),220,	057,Nevada,CA,8/12/2006 12:21:21 AM
County(CountyCode),279,	057,Jackson,CO,8/12/2006 12:21:21 AM
County(CountyCode),1733,	057,Davidson,NC,8/12/2006 12:21:21 AM
County(CountyCode),1833,	057,Mercer,ND,8/12/2006 12:21:21 AM
County(CountyCode),3133,	057,Skagit,WA,8/12/2006 12:21:21 AM
County(CountyCode),2535,	057,Hamlin,SD,8/12/2006 12:21:21 AM
County(CountyCode),734,	057,Fulton,IL,8/12/2006 12:21:21 AM
County(CountyCode),2287,	057,Tillamook,OR,8/12/2006 12:21:21 AM
County(CountyCode),2697,	057,Calhoun,TX,8/12/2006 12:21:21 AM
County(CountyCode),2323,	057,Fulton,PA,8/12/2006 12:21:21 AM
County(CountyCode),280,	059,Jefferson,CO,8/12/2006 12:21:21 AM
County(CountyCode),2324,	059,Greene,PA,8/12/2006 12:21:21 AM
County(CountyCode),1834,	059,Morton,ND,8/12/2006 12:21:21 AM
County(CountyCode),929,	059,Franklin,KS,8/12/2006 12:21:21 AM
County(CountyCode),126,	059,Hot Spring,AR,8/12/2006 12:21:21 AM
County(CountyCode),1034,	059,Daviess,KY,8/12/2006 12:21:21 AM
County(CountyCode),1677,	059,Meagher,MT,8/12/2006 12:21:21 AM
County(CountyCode),2491,	059,Laurens,SC,8/12/2006 12:21:21 AM
County(CountyCode),1887,	059,Fillmore,NE,8/12/2006 12:21:21 AM
County(CountyCode),2288,	059,Umatilla,OR,8/12/2006 12:21:21 AM
County(CountyCode),1475,	059,Dallas,MO,8/12/2006 12:21:21 AM
County(CountyCode),2013,	059,Union,NM,8/12/2006 12:21:21 AM
County(CountyCode),2061,	059,Nassau,NY,8/12/2006 12:21:21 AM
County(CountyCode),3245,	059,Mingo,WV,8/12/2006 12:21:21 AM
County(CountyCode),59,	059,Franklin,AL,8/12/2006 12:21:21 AM
County(CountyCode),3173,	059,Kenosha,WI,8/12/2006 12:21:21 AM
County(CountyCode),2536,	059,Hand,SD,8/12/2006 12:21:21 AM
County(CountyCode),2211,	059,Harper,OK,8/12/2006 12:21:21 AM
County(CountyCode),3134,	059,Skamania,WA,8/12/2006 12:21:21 AM
County(CountyCode),221,	059,Orange,CA,8/12/2006 12:21:21 AM
County(CountyCode),735,	059,Gallatin,IL,8/12/2006 12:21:21 AM
County(CountyCode),426,	059,Clarke,GA,8/12/2006 12:21:21 AM
County(CountyCode),2698,	059,Callahan,TX,8/12/2006 12:21:21 AM
County(CountyCode),1154,	059,La Salle,LA,8/12/2006 12:21:21 AM
County(CountyCode),837,	059,Hancock,IN,8/12/2006 12:21:21 AM
County(CountyCode),2123,	059,Guernsey,OH,8/12/2006 12:21:21 AM
County(CountyCode),2980,	059,Fairfax,VA,8/12/2006 12:21:21 AM
County(CountyCode),2603,	059,Greene,TN,8/12/2006 12:21:21 AM
County(CountyCode),1595,	059,Jackson,MS,8/12/2006 12:21:21 AM
County(CountyCode),355,	059,Holmes,FL,8/12/2006 12:21:21 AM
County(CountyCode),691,	059,Lemhi,ID,8/12/2006 12:21:21 AM
County(CountyCode),1305,	059,Hillsdale,MI,8/12/2006 12:21:21 AM
County(CountyCode),1388,	059,Isanti,MN,8/12/2006 12:21:21 AM
County(CountyCode),2392,	059,Guayanilla,PR,8/12/2006 12:21:21 AM
County(CountyCode),592,	059,Dickinson,IA,8/12/2006 12:21:21 AM
County(CountyCode),1734,	059,Davie,NC,8/12/2006 12:21:21 AM
County(CountyCode),1248,	060,Bikar,MH,8/12/2006 12:21:21 AM
County(CountyCode),397,	060,Yap,FM,8/12/2006 12:21:21 AM
County(CountyCode),6,	060,Bristol Bay (B),AK,8/12/2006 12:21:21 AM
County(CountyCode),2537,	061,Hanson,SD,8/12/2006 12:21:21 AM
County(CountyCode),3135,	061,Snohomish,WA,8/12/2006 12:21:21 AM
County(CountyCode),838,	061,Harrison,IN,8/12/2006 12:21:21 AM
County(CountyCode),222,	061,Placer,CA,8/12/2006 12:21:21 AM
County(CountyCode),281,	061,Kiowa,CO,8/12/2006 12:21:21 AM
County(CountyCode),1735,	061,Duplin,NC,8/12/2006 12:21:21 AM
County(CountyCode),1835,	061,Mountrail,ND,8/12/2006 12:21:21 AM
County(CountyCode),930,	061,Geary,KS,8/12/2006 12:21:21 AM
County(CountyCode),127,	061,Howard,AR,8/12/2006 12:21:21 AM
County(CountyCode),2124,	061,Hamilton,OH,8/12/2006 12:21:21 AM
County(CountyCode),1155,	061,Lincoln,LA,8/12/2006 12:21:21 AM
County(CountyCode),2699,	061,Cameron,TX,8/12/2006 12:21:21 AM
County(CountyCode),1035,	061,Edmonson,KY,8/12/2006 12:21:21 AM
County(CountyCode),1596,	061,Jasper,MS,8/12/2006 12:21:21 AM
County(CountyCode),1888,	061,Franklin,NE,8/12/2006 12:21:21 AM
County(CountyCode),1389,	061,Itasca,MN,8/12/2006 12:21:21 AM
County(CountyCode),2393,	061,Guaynabo,PR,8/12/2006 12:21:21 AM
County(CountyCode),1306,	061,Houghton,MI,8/12/2006 12:21:21 AM
County(CountyCode),2289,	061,Union,OR,8/12/2006 12:21:21 AM
County(CountyCode),1476,	061,Daviess,MO,8/12/2006 12:21:21 AM
County(CountyCode),3246,	061,Monongalia,WV,8/12/2006 12:21:21 AM
County(CountyCode),60,	061,Geneva,AL,8/12/2006 12:21:21 AM
County(CountyCode),2604,	061,Grundy,TN,8/12/2006 12:21:21 AM
County(CountyCode),3174,	061,Kewaunee,WI,8/12/2006 12:21:21 AM
County(CountyCode),692,	061,Lewis,ID,8/12/2006 12:21:21 AM
County(CountyCode),736,	061,Greene,IL,8/12/2006 12:21:21 AM
County(CountyCode),356,	061,Indian River,FL,8/12/2006 12:21:21 AM
County(CountyCode),427,	061,Clay,GA,8/12/2006 12:21:21 AM
County(CountyCode),2981,	061,Fauquier,VA,8/12/2006 12:21:21 AM
County(CountyCode),2325,	061,Huntingdon,PA,8/12/2006 12:21:21 AM
County(CountyCode),2014,	061,Valencia,NM,8/12/2006 12:21:21 AM
County(CountyCode),2062,	061,New York,NY,8/12/2006 12:21:21 AM
County(CountyCode),2212,	061,Haskell,OK,8/12/2006 12:21:21 AM
County(CountyCode),1678,	061,Mineral,MT,8/12/2006 12:21:21 AM
County(CountyCode),2492,	061,Lee,SC,8/12/2006 12:21:21 AM
County(CountyCode),593,	061,Dubuque,IA,8/12/2006 12:21:21 AM
County(CountyCode),2538,	063,Harding,SD,8/12/2006 12:21:21 AM
County(CountyCode),2213,	063,Hughes,OK,8/12/2006 12:21:21 AM
County(CountyCode),839,	063,Hendricks,IN,8/12/2006 12:21:21 AM
County(CountyCode),931,	063,Gove,KS,8/12/2006 12:21:21 AM
County(CountyCode),2125,	063,Hancock,OH,8/12/2006 12:21:21 AM
County(CountyCode),1156,	063,Livingston,LA,8/12/2006 12:21:21 AM
County(CountyCode),2700,	063,Camp,TX,8/12/2006 12:21:21 AM
County(CountyCode),2326,	063,Indiana,PA,8/12/2006 12:21:21 AM
County(CountyCode),1036,	063,Elliott,KY,8/12/2006 12:21:21 AM
County(CountyCode),1597,	063,Jefferson,MS,8/12/2006 12:21:21 AM
County(CountyCode),1679,	063,Missoula,MT,8/12/2006 12:21:21 AM
County(CountyCode),2493,	063,Lexington,SC,8/12/2006 12:21:21 AM
County(CountyCode),1390,	063,Jackson,MN,8/12/2006 12:21:21 AM
County(CountyCode),2394,	063,Gurabo,PR,8/12/2006 12:21:21 AM
County(CountyCode),1307,	063,Huron,MI,8/12/2006 12:21:21 AM
County(CountyCode),2290,	063,Wallowa,OR,8/12/2006 12:21:21 AM
County(CountyCode),2063,	063,Niagara,NY,8/12/2006 12:21:21 AM
County(CountyCode),61,	063,Greene,AL,8/12/2006 12:21:21 AM
County(CountyCode),2605,	063,Hamblen,TN,8/12/2006 12:21:21 AM
County(CountyCode),693,	063,Lincoln,ID,8/12/2006 12:21:21 AM
County(CountyCode),737,	063,Grundy,IL,8/12/2006 12:21:21 AM
County(CountyCode),357,	063,Jackson,FL,8/12/2006 12:21:21 AM
County(CountyCode),2982,	063,Floyd,VA,8/12/2006 12:21:21 AM
County(CountyCode),1477,	063,De Kalb,MO,8/12/2006 12:21:21 AM
County(CountyCode),128,	063,Independence,AR,8/12/2006 12:21:21 AM
County(CountyCode),428,	063,Clayton,GA,8/12/2006 12:21:21 AM
County(CountyCode),223,	063,Plumas,CA,8/12/2006 12:21:21 AM
County(CountyCode),282,	063,Kit Carson,CO,8/12/2006 12:21:21 AM
County(CountyCode),3247,	063,Monroe,WV,8/12/2006 12:21:21 AM
County(CountyCode),1736,	063,Durham,NC,8/12/2006 12:21:21 AM
County(CountyCode),1836,	063,Nelson,ND,8/12/2006 12:21:21 AM
County(CountyCode),3136,	063,Spokane,WA,8/12/2006 12:21:21 AM
County(CountyCode),3175,	063,La Crosse,WI,8/12/2006 12:21:21 AM
County(CountyCode),1889,	063,Frontier,NE,8/12/2006 12:21:21 AM
County(CountyCode),594,	063,Emmet,IA,8/12/2006 12:21:21 AM
County(CountyCode),2214,	065,Jackson,OK,8/12/2006 12:21:21 AM
County(CountyCode),3137,	065,Stevens,WA,8/12/2006 12:21:21 AM
County(CountyCode),840,	065,Henry,IN,8/12/2006 12:21:21 AM
County(CountyCode),224,	065,Riverside,CA,8/12/2006 12:21:21 AM
County(CountyCode),283,	065,Lake,CO,8/12/2006 12:21:21 AM
County(CountyCode),1737,	065,Edgecombe,NC,8/12/2006 12:21:21 AM
County(CountyCode),1837,	065,Oliver,ND,8/12/2006 12:21:21 AM
County(CountyCode),129,	065,Izard,AR,8/12/2006 12:21:21 AM
County(CountyCode),429,	065,Clinch,GA,8/12/2006 12:21:21 AM
County(CountyCode),2126,	065,Hardin,OH,8/12/2006 12:21:21 AM
County(CountyCode),2701,	065,Carson,TX,8/12/2006 12:21:21 AM
County(CountyCode),2327,	065,Jefferson,PA,8/12/2006 12:21:21 AM
County(CountyCode),1680,	065,Musselshell,MT,8/12/2006 12:21:21 AM
County(CountyCode),2494,	065,Mccormick,SC,8/12/2006 12:21:21 AM
County(CountyCode),1890,	065,Furnas,NE,8/12/2006 12:21:21 AM
County(CountyCode),1391,	065,Kanabec,MN,8/12/2006 12:21:21 AM
County(CountyCode),2395,	065,Hatillo,PR,8/12/2006 12:21:21 AM
County(CountyCode),1308,	065,Ingham,MI,8/12/2006 12:21:21 AM
County(CountyCode),1478,	065,Dent,MO,8/12/2006 12:21:21 AM
County(CountyCode),2064,	065,Oneida,NY,8/12/2006 12:21:21 AM
County(CountyCode),3248,	065,Morgan,WV,8/12/2006 12:21:21 AM
County(CountyCode),2606,	065,Hamilton,TN,8/12/2006 12:21:21 AM
County(CountyCode),3176,	065,Lafayette,WI,8/12/2006 12:21:21 AM
County(CountyCode),2983,	065,Fluvanna,VA,8/12/2006 12:21:21 AM
County(CountyCode),1037,	065,Estill,KY,8/12/2006 12:21:21 AM
County(CountyCode),595,	065,Fayette,IA,8/12/2006 12:21:21 AM
County(CountyCode),62,	065,Hale,AL,8/12/2006 12:21:21 AM
County(CountyCode),1157,	065,Madison,LA,8/12/2006 12:21:21 AM
County(CountyCode),932,	065,Graham,KS,8/12/2006 12:21:21 AM
County(CountyCode),2539,	065,Hughes,SD,8/12/2006 12:21:21 AM
County(CountyCode),1598,	065,Jefferson Davis,MS,8/12/2006 12:21:21 AM
County(CountyCode),358,	065,Jefferson,FL,8/12/2006 12:21:21 AM
County(CountyCode),694,	065,Madison,ID,8/12/2006 12:21:21 AM
County(CountyCode),738,	065,Hamilton,IL,8/12/2006 12:21:21 AM
County(CountyCode),2291,	065,Wasco,OR,8/12/2006 12:21:21 AM
County(CountyCode),2540,	067,Hutchinson,SD,8/12/2006 12:21:21 AM
County(CountyCode),3138,	067,Thurston,WA,8/12/2006 12:21:21 AM
County(CountyCode),225,	067,Sacramento,CA,8/12/2006 12:21:21 AM
County(CountyCode),284,	067,La Plata,CO,8/12/2006 12:21:21 AM
County(CountyCode),1738,	067,Forsyth,NC,8/12/2006 12:21:21 AM
County(CountyCode),1838,	067,Pembina,ND,8/12/2006 12:21:21 AM
County(CountyCode),933,	067,Grant,KS,8/12/2006 12:21:21 AM
County(CountyCode),130,	067,Jackson,AR,8/12/2006 12:21:21 AM
County(CountyCode),430,	067,Cobb,GA,8/12/2006 12:21:21 AM
County(CountyCode),1158,	067,Morehouse,LA,8/12/2006 12:21:21 AM
County(CountyCode),596,	067,Floyd,IA,8/12/2006 12:21:21 AM
County(CountyCode),2328,	067,Juniata,PA,8/12/2006 12:21:21 AM
County(CountyCode),1038,	067,Fayette,KY,8/12/2006 12:21:21 AM
County(CountyCode),1599,	067,Jones,MS,8/12/2006 12:21:21 AM
County(CountyCode),1681,	067,Park,MT,8/12/2006 12:21:21 AM
County(CountyCode),1891,	067,Gage,NE,8/12/2006 12:21:21 AM
County(CountyCode),2292,	067,Washington,OR,8/12/2006 12:21:21 AM
County(CountyCode),1479,	067,Douglas,MO,8/12/2006 12:21:21 AM
County(CountyCode),2065,	067,Onondaga,NY,8/12/2006 12:21:21 AM
County(CountyCode),3249,	067,Nicholas,WV,8/12/2006 12:21:21 AM
County(CountyCode),63,	067,Henry,AL,8/12/2006 12:21:21 AM
County(CountyCode),3177,	067,Langlade,WI,8/12/2006 12:21:21 AM
County(CountyCode),695,	067,Minidoka,ID,8/12/2006 12:21:21 AM
County(CountyCode),739,	067,Hancock,IL,8/12/2006 12:21:21 AM
County(CountyCode),359,	067,Lafayette,FL,8/12/2006 12:21:21 AM
County(CountyCode),2702,	067,Cass,TX,8/12/2006 12:21:21 AM
County(CountyCode),841,	067,Howard,IN,8/12/2006 12:21:21 AM
County(CountyCode),2127,	067,Harrison,OH,8/12/2006 12:21:21 AM
County(CountyCode),2984,	067,Franklin,VA,8/12/2006 12:21:21 AM
County(CountyCode),2215,	067,Jefferson,OK,8/12/2006 12:21:21 AM
County(CountyCode),2607,	067,Hancock,TN,8/12/2006 12:21:21 AM
County(CountyCode),1309,	067,Ionia,MI,8/12/2006 12:21:21 AM
County(CountyCode),1392,	067,Kandiyohi,MN,8/12/2006 12:21:21 AM
County(CountyCode),2396,	067,Hormigueros,PR,8/12/2006 12:21:21 AM
County(CountyCode),2495,	067,Marion,SC,8/12/2006 12:21:21 AM
County(CountyCode),7,	068,Denali (B),AK,8/12/2006 12:21:21 AM
County(CountyCode),3178,	069,Lincoln,WI,8/12/2006 12:21:21 AM
County(CountyCode),2541,	069,Hyde,SD,8/12/2006 12:21:21 AM
County(CountyCode),2216,	069,Johnston,OK,8/12/2006 12:21:21 AM
County(CountyCode),3139,	069,Wahkiakum,WA,8/12/2006 12:21:21 AM
County(CountyCode),842,	069,Huntington,IN,8/12/2006 12:21:21 AM
County(CountyCode),226,	069,San Benito,CA,8/12/2006 12:21:21 AM
County(CountyCode),285,	069,Larimer,CO,8/12/2006 12:21:21 AM
County(CountyCode),1739,	069,Franklin,NC,8/12/2006 12:21:21 AM
County(CountyCode),1839,	069,Pierce,ND,8/12/2006 12:21:21 AM
County(CountyCode),934,	069,Gray,KS,8/12/2006 12:21:21 AM
County(CountyCode),131,	069,Jefferson,AR,8/12/2006 12:21:21 AM
County(CountyCode),2128,	069,Henry,OH,8/12/2006 12:21:21 AM
County(CountyCode),1159,	069,Natchitoches,LA,8/12/2006 12:21:21 AM
County(CountyCode),597,	069,Franklin,IA,8/12/2006 12:21:21 AM
County(CountyCode),2703,	069,Castro,TX,8/12/2006 12:21:21 AM
County(CountyCode),1039,	069,Fleming,KY,8/12/2006 12:21:21 AM
County(CountyCode),1600,	069,Kemper,MS,8/12/2006 12:21:21 AM
County(CountyCode),2496,	069,Marlboro,SC,8/12/2006 12:21:21 AM
County(CountyCode),1892,	069,Garden,NE,8/12/2006 12:21:21 AM
County(CountyCode),1393,	069,Kittson,MN,8/12/2006 12:21:21 AM
County(CountyCode),2397,	069,Humacao,PR,8/12/2006 12:21:21 AM
County(CountyCode),2293,	069,Wheeler,OR,8/12/2006 12:21:21 AM
County(CountyCode),1310,	069,Iosco,MI,8/12/2006 12:21:21 AM
County(CountyCode),1480,	069,Dunklin,MO,8/12/2006 12:21:21 AM
County(CountyCode),64,	069,Houston,AL,8/12/2006 12:21:21 AM
County(CountyCode),2608,	069,Hardeman,TN,8/12/2006 12:21:21 AM
County(CountyCode),696,	069,Nez Perce,ID,8/12/2006 12:21:21 AM
County(CountyCode),740,	069,Hardin,IL,8/12/2006 12:21:21 AM
County(CountyCode),360,	069,Lake,FL,8/12/2006 12:21:21 AM
County(CountyCode),2985,	069,Frederick,VA,8/12/2006 12:21:21 AM
County(CountyCode),2329,	069,Lackawanna,PA,8/12/2006 12:21:21 AM
County(CountyCode),2066,	069,Ontario,NY,8/12/2006 12:21:21 AM
County(CountyCode),431,	069,Coffee,GA,8/12/2006 12:21:21 AM
County(CountyCode),3250,	069,Ohio,WV,8/12/2006 12:21:21 AM
County(CountyCode),1682,	069,Petroleum,MT,8/12/2006 12:21:21 AM
County(CountyCode),8,	070,Dillingham (C),AK,8/12/2006 12:21:21 AM
County(CountyCode),1249,	070,Bikini,MH,8/12/2006 12:21:21 AM
County(CountyCode),2217,	071,Kay,OK,8/12/2006 12:21:21 AM
County(CountyCode),843,	071,Jackson,IN,8/12/2006 12:21:21 AM
County(CountyCode),432,	071,Colquitt,GA,8/12/2006 12:21:21 AM
County(CountyCode),2129,	071,Highland,OH,8/12/2006 12:21:21 AM
County(CountyCode),1160,	071,Orleans,LA,8/12/2006 12:21:21 AM
County(CountyCode),2704,	071,Chambers,TX,8/12/2006 12:21:21 AM
County(CountyCode),2330,	071,Lancaster,PA,8/12/2006 12:21:21 AM
County(CountyCode),1601,	071,Lafayette,MS,8/12/2006 12:21:21 AM
County(CountyCode),1683,	071,Phillips,MT,8/12/2006 12:21:21 AM
County(CountyCode),2497,	071,Newberry,SC,8/12/2006 12:21:21 AM
County(CountyCode),1394,	071,Koochiching,MN,8/12/2006 12:21:21 AM
County(CountyCode),2398,	071,Isabela,PR,8/12/2006 12:21:21 AM
County(CountyCode),1311,	071,Iron,MI,8/12/2006 12:21:21 AM
County(CountyCode),2067,	071,Orange,NY,8/12/2006 12:21:21 AM
County(CountyCode),3251,	071,Pendleton,WV,8/12/2006 12:21:21 AM
County(CountyCode),2609,	071,Hardin,TN,8/12/2006 12:21:21 AM
County(CountyCode),697,	071,Oneida,ID,8/12/2006 12:21:21 AM
County(CountyCode),741,	071,Henderson,IL,8/12/2006 12:21:21 AM
County(CountyCode),361,	071,Lee,FL,8/12/2006 12:21:21 AM
County(CountyCode),2986,	071,Giles,VA,8/12/2006 12:21:21 AM
County(CountyCode),1040,	071,Floyd,KY,8/12/2006 12:21:21 AM
County(CountyCode),65,	071,Jackson,AL,8/12/2006 12:21:21 AM
County(CountyCode),1481,	071,Franklin,MO,8/12/2006 12:21:21 AM
County(CountyCode),935,	071,Greeley,KS,8/12/2006 12:21:21 AM
County(CountyCode),132,	071,Johnson,AR,8/12/2006 12:21:21 AM
County(CountyCode),227,	071,San Bernardino,CA,8/12/2006 12:21:21 AM
County(CountyCode),286,	071,Las Animas,CO,8/12/2006 12:21:21 AM
County(CountyCode),1740,	071,Gaston,NC,8/12/2006 12:21:21 AM
County(CountyCode),1840,	071,Ramsey,ND,8/12/2006 12:21:21 AM
County(CountyCode),3140,	071,Walla Walla,WA,8/12/2006 12:21:21 AM
County(CountyCode),2542,	071,Jackson,SD,8/12/2006 12:21:21 AM
County(CountyCode),3179,	071,Manitowoc,WI,8/12/2006 12:21:21 AM
County(CountyCode),1893,	071,Garfield,NE,8/12/2006 12:21:21 AM
County(CountyCode),2294,	071,Yamhill,OR,8/12/2006 12:21:21 AM
County(CountyCode),598,	071,Fremont,IA,8/12/2006 12:21:21 AM
County(CountyCode),2543,	073,Jerauld,SD,8/12/2006 12:21:21 AM
County(CountyCode),2218,	073,Kingfisher,OK,8/12/2006 12:21:21 AM
County(CountyCode),3141,	073,Whatcom,WA,8/12/2006 12:21:21 AM
County(CountyCode),228,	073,San Diego,CA,8/12/2006 12:21:21 AM
County(CountyCode),287,	073,Lincoln,CO,8/12/2006 12:21:21 AM
County(CountyCode),1741,	073,Gates,NC,8/12/2006 12:21:21 AM
County(CountyCode),1841,	073,Ransom,ND,8/12/2006 12:21:21 AM
County(CountyCode),433,	073,Columbia,GA,8/12/2006 12:21:21 AM
County(CountyCode),936,	073,Greenwood,KS,8/12/2006 12:21:21 AM
County(CountyCode),133,	073,Lafayette,AR,8/12/2006 12:21:21 AM
County(CountyCode),2130,	073,Hocking,OH,8/12/2006 12:21:21 AM
County(CountyCode),2331,	073,Lawrence,PA,8/12/2006 12:21:21 AM
County(CountyCode),1041,	073,Franklin,KY,8/12/2006 12:21:21 AM
County(CountyCode),1602,	073,Lamar,MS,8/12/2006 12:21:21 AM
County(CountyCode),1684,	073,Pondera,MT,8/12/2006 12:21:21 AM
County(CountyCode),2498,	073,Oconee,SC,8/12/2006 12:21:21 AM
County(CountyCode),1894,	073,Gosper,NE,8/12/2006 12:21:21 AM
County(CountyCode),1395,	073,Lac Qui Parle,MN,8/12/2006 12:21:21 AM
County(CountyCode),2399,	073,Jayuya,PR,8/12/2006 12:21:21 AM
County(CountyCode),1250,	073,Bokak,MH,8/12/2006 12:21:21 AM
County(CountyCode),2068,	073,Orleans,NY,8/12/2006 12:21:21 AM
County(CountyCode),1482,	073,Gasconade,MO,8/12/2006 12:21:21 AM
County(CountyCode),3252,	073,Pleasants,WV,8/12/2006 12:21:21 AM
County(CountyCode),66,	073,Jefferson,AL,8/12/2006 12:21:21 AM
County(CountyCode),3180,	073,Marathon,WI,8/12/2006 12:21:21 AM
County(CountyCode),2987,	073,Gloucester,VA,8/12/2006 12:21:21 AM
County(CountyCode),599,	073,Greene,IA,8/12/2006 12:21:21 AM
County(CountyCode),2705,	073,Cherokee,TX,8/12/2006 12:21:21 AM
County(CountyCode),1161,	073,Ouachita,LA,8/12/2006 12:21:21 AM
County(CountyCode),844,	073,Jasper,IN,8/12/2006 12:21:21 AM
County(CountyCode),2610,	073,Hawkins,TN,8/12/2006 12:21:21 AM
County(CountyCode),362,	073,Leon,FL,8/12/2006 12:21:21 AM
County(CountyCode),698,	073,Owyhee,ID,8/12/2006 12:21:21 AM
County(CountyCode),742,	073,Henry,IL,8/12/2006 12:21:21 AM
County(CountyCode),1312,	073,Isabella,MI,8/12/2006 12:21:21 AM
County(CountyCode),2544,	075,Jones,SD,8/12/2006 12:21:21 AM
County(CountyCode),3142,	075,Whitman,WA,8/12/2006 12:21:21 AM
County(CountyCode),845,	075,Jay,IN,8/12/2006 12:21:21 AM
County(CountyCode),229,	075,San Francisco,CA,8/12/2006 12:21:21 AM
County(CountyCode),288,	075,Logan,CO,8/12/2006 12:21:21 AM
County(CountyCode),1742,	075,Graham,NC,8/12/2006 12:21:21 AM
County(CountyCode),1842,	075,Renville,ND,8/12/2006 12:21:21 AM
County(CountyCode),434,	075,Cook,GA,8/12/2006 12:21:21 AM
County(CountyCode),937,	075,Hamilton,KS,8/12/2006 12:21:21 AM
County(CountyCode),134,	075,Lawrence,AR,8/12/2006 12:21:21 AM
County(CountyCode),1162,	075,Plaquemines,LA,8/12/2006 12:21:21 AM
County(CountyCode),2706,	075,Childress,TX,8/12/2006 12:21:21 AM
County(CountyCode),2332,	075,Lebanon,PA,8/12/2006 12:21:21 AM
County(CountyCode),1042,	075,Fulton,KY,8/12/2006 12:21:21 AM
County(CountyCode),1685,	075,Powder River,MT,8/12/2006 12:21:21 AM
County(CountyCode),600,	075,Grundy,IA,8/12/2006 12:21:21 AM
County(CountyCode),1895,	075,Grant,NE,8/12/2006 12:21:21 AM
County(CountyCode),1313,	075,Jackson,MI,8/12/2006 12:21:21 AM
County(CountyCode),1483,	075,Gentry,MO,8/12/2006 12:21:21 AM
County(CountyCode),3253,	075,Pocahontas,WV,8/12/2006 12:21:21 AM
County(CountyCode),67,	075,Lamar,AL,8/12/2006 12:21:21 AM
County(CountyCode),2611,	075,Haywood,TN,8/12/2006 12:21:21 AM
County(CountyCode),3181,	075,Marinette,WI,8/12/2006 12:21:21 AM
County(CountyCode),699,	075,Payette,ID,8/12/2006 12:21:21 AM
County(CountyCode),743,	075,Iroquois,IL,8/12/2006 12:21:21 AM
County(CountyCode),363,	075,Levy,FL,8/12/2006 12:21:21 AM
County(CountyCode),2069,	075,Oswego,NY,8/12/2006 12:21:21 AM
County(CountyCode),2131,	075,Holmes,OH,8/12/2006 12:21:21 AM
County(CountyCode),2988,	075,Goochland,VA,8/12/2006 12:21:21 AM
County(CountyCode),2219,	075,Kiowa,OK,8/12/2006 12:21:21 AM
County(CountyCode),1603,	075,Lauderdale,MS,8/12/2006 12:21:21 AM
County(CountyCode),1396,	075,Lake,MN,8/12/2006 12:21:21 AM
County(CountyCode),2400,	075,Juana Diaz,PR,8/12/2006 12:21:21 AM
County(CountyCode),2499,	075,Orangeburg,SC,8/12/2006 12:21:21 AM
County(CountyCode),2545,	077,Kingsbury,SD,8/12/2006 12:21:21 AM
County(CountyCode),2220,	077,Latimer,OK,8/12/2006 12:21:21 AM
County(CountyCode),3143,	077,Yakima,WA,8/12/2006 12:21:21 AM
County(CountyCode),289,	077,Mesa,CO,8/12/2006 12:21:21 AM
County(CountyCode),846,	077,Jefferson,IN,8/12/2006 12:21:21 AM
County(CountyCode),230,	077,San Joaquin,CA,8/12/2006 12:21:21 AM
County(CountyCode),938,	077,Harper,KS,8/12/2006 12:21:21 AM
County(CountyCode),1163,	077,Pointe Coupee,LA,8/12/2006 12:21:21 AM
County(CountyCode),2132,	077,Huron,OH,8/12/2006 12:21:21 AM
County(CountyCode),2707,	077,Clay,TX,8/12/2006 12:21:21 AM
County(CountyCode),1043,	077,Gallatin,KY,8/12/2006 12:21:21 AM
County(CountyCode),1604,	077,Lawrence,MS,8/12/2006 12:21:21 AM
County(CountyCode),601,	077,Guthrie,IA,8/12/2006 12:21:21 AM
County(CountyCode),1896,	077,Greeley,NE,8/12/2006 12:21:21 AM
County(CountyCode),1397,	077,Lake Of The Woods,MN,8/12/2006 12:21:21 AM
County(CountyCode),2401,	077,Juncos,PR,8/12/2006 12:21:21 AM
County(CountyCode),1314,	077,Kalamazoo,MI,8/12/2006 12:21:21 AM
County(CountyCode),2070,	077,Otsego,NY,8/12/2006 12:21:21 AM
County(CountyCode),1484,	077,Greene,MO,8/12/2006 12:21:21 AM
County(CountyCode),2612,	077,Henderson,TN,8/12/2006 12:21:21 AM
County(CountyCode),3182,	077,Marquette,WI,8/12/2006 12:21:21 AM
County(CountyCode),2500,	077,Pickens,SC,8/12/2006 12:21:21 AM
County(CountyCode),700,	077,Power,ID,8/12/2006 12:21:21 AM
